

%%%%%%%%%
% BOOKS %
%%%%%%%%%

% GENERAL

@book{Probability:Shorack2000,
author    = {Shorack, G.~R.},
title     = {Probability for Statisticians},
publisher = {Springer},
address   = {New York},
year      = {2000},
series    = {Springer Texts in Statistics},
doi       = {10.1007/b98901},
}

@book{Probability:Grigoriu2002,
author    = {Grigoriu, M.},
title     = {Stochastic Calculus: Applications in Science and Engineering},
publisher = {Birkh\"{a}user},
address   = {Boston, Massachusetts, USA},
year      = {2002},
}

@book{Probability:Grigoriu2012,
author    = {Grigoriu, M.},
title     = {Stochastic Systems: Uncertainty Quantification and Propagation},
publisher = {Springer-Verlag},
address   = {London, UK},
year      = {2012},
series    = {Springer Series in Reliability Engineering},
doi       = {10.1007/978-1-4471-2327-9},
}

@book{Probability:Pollard2002,
author    = {Pollard, D.},
title     = {A User's Guide to Measure Theoretic Probability},
publisher = {Cambridge University Press},
address   = {Cambridge, UK},
year      = {2002},
series    = {Cambridge Series in Statistical and Probabilistic Mathematics},
number    = {8},
doi       = {10.1017/CBO9780511811555},
}
% address   = {New York},

@book{Probability:Chorin2013,
author    = {Chorin, A.~J. and Hald, O.~H.},
title     = {Stochastic Tools in Mathematics and Science},
publisher = {Springer},
address   = {New York},
year      = {2013},
edition   = {3},
series    = {Texts in Applied Mathematics},
number    = {58},
doi       = {10.1007/978-1-4614-6980-3},
}

@book{Probability:Lindquist2015,
author    = {Lindquist, A. and Picci, G.},
title     = {Linear Stochastic Systems: A Geometric Approach to Modeling, Estimation and Identification},
publisher = {Springer-Verlag Berlin Heidelberg},
year      = {2015},
series    = {Series in Contemporary Mathematics},
number    = {1},
doi       = {10.1007/978-3-662-45750-4},
}

@book{Probability:Blitzstein2015,
author    = {Blitzstein, J.~K. and Hwang, J.},
title     = {Introduction to Probability},
publisher = {CRC Press},
address   = {Boca Raton, Florida, USA},
year      = {2015},
series    = {Texts in Statistical Science},
}

@book{Probability:Florescu2015,
author    = {Florescu, I.},
title     = {Probability and Stochastic Processes},
publisher = {John Wiley \& Sons, Inc.},
address   = {Hoboken, New Jersey, USA},
year      = {2015},
}

% MEASURE THEORY

@book{Probability:Billingsley1995,
author    = {Billingsley, P.},
title     = {Probability and Measure},
publisher = {John Wiley \& Sons, Inc.},
address   = {Hoboken, New Jersey, USA},
year      = {1995},
edition   = {3},
series    = {Wiley Series in Probability and Mathematical Statistics},
}

@book{Probability:Billingsley2012,
author    = {Billingsley, P.},
title     = {Probability and Measure},
publisher = {John Wiley \& Sons, Inc.},
address   = {Hoboken, New Jersey, USA},
year      = {2012},
edition   = {Anniversary},
series    = {Wiley Series in Probability and Statistics},
}

@book{Probability:Bogachev2007,
author    = {Bogachev, V.~I.},
title     = {Measure Theory},
volumes   = {2},
publisher = {Springer-Verlag Berlin Heidelberg},
year      = {2007},
doi       = {10.1007/978-3-540-34514-5},
}

@book{Probability:Cohn2013,
author    = {Cohn, D.~L.},
title     = {Measure Theory},
publisher = {Springer},
address   = {New York},
year      = {2013},
edition   = {2},
series    = {Birkh\"{a}user Advanced Texts Basler Lehrb\"{u}cher},
doi       = {10.1007/978-1-4614-6956-8},
}

@book{Probability:Kubrusly2015,
author    = {Kubrusly, C.~S.},
title     = {Essentials of Measure Theory},
publisher = {Springer International Publishing},
address   = {Cham, Switzerland},
year      = {2015},
doi       = {10.1007/978-3-319-22506-7},
}

% PROBABILITY THEORY

@book{Probability:Loeve1977,
author    = {Lo\`{e}ve, M.},
title     = {Probability Theory},
volumes   = {2},
publisher = {Springer-Verlag},
address   = {New York},
year      = {1977--1978},
edition   = {4},
series    = {Graduate Texts in Mathematics},
number    = {45--46},
}

@book{Probability:Williams1991,
author    = {Williams, D.},
title     = {Probability with Martingales},
publisher = {Cambridge University Press},
address   = {Cambridge, UK},
year      = {1991},
doi       = {10.1017/CBO9780511813658},
}

@book{Probability:Kallenberg1997,
author    = {Kallenberg, O.},
title     = {Foundations of Modern Probability},
publisher = {Springer},
address   = {New York},
year      = {1997},
series    = {Probability and its Applications},
doi       = {10.1007/b98838},
}

@book{Probability:Dudley2002,
author    = {Dudley, R.~M.},
title     = {Real Analysis and Probability},
publisher = {Cambridge University Press},
address   = {Cambridge, UK},
year      = {2002},
edition   = {2},
series    = {Cambridge Studies in Advanced Mathematics},
number    = {74},
doi       = {10.1017/CBO9780511755347},
}

@book{Probability:Rosenthal2006,
author    = {Rosenthal, J.~S.},
title     = {A First Look at Rigorous Probability Theory},
publisher = {World Scientific Publishing Co. Pte. Lt.},
address   = {Singapore},
year      = {2006},
edition   = {2},
doi       = {10.1142/6300},
}

@book{Probability:Cinlar2011,
author    = {\c{C}{\i}nlar, E.},
title     = {Probability and Stochastics},
publisher = {Springer},
address   = {New York},
year      = {2011},
series    = {Graduate Texts in Mathematics},
number    = {261},
doi       = {10.1007/978-0-387-87859-1},
}

@book{Probability:Leadbetter2014,
author    = {Leadbetter, R. and Cambanis, S. and Pipiras, V.},
title     = {A Basic Course in Measure and Probability: Theory for Applications},
publisher = {Cambridge University Press},
address   = {Cambridge, UK},
year      = {2014},
doi       = {10.1017/CBO9781139103947},
}

% SPECIFIC

@book{Probability:Rao2005,
author    = {Rao, M.~M.},
title     = {Conditional Measures and Applications},
publisher = {Chapman \& Hall/CRC},
address   = {Boca Raton, Florida, USA},
year      = {2005},
edition   = {2},
series    = {Pure and Applied Mathematics},
doi       = {10.1201/9781420027433},
}

@book{Probability:Rachev2011,
author    = {Rachev, S.~T. and Stoyanov, S.~V. and Fabozzi, F.~J.},
title     = {A Probability Metrics Approach to Financial Risk Measures},
publisher = {John Wiley \& Sons, Ltd.},
address   = {Chichester, West Sussex, UK},
year      = {2011},
doi       = {10.1002/9781444392715},
}

@book{Probability:Kallenberg2005,
author    = {Kallenberg, O.},
title     = {Probabilistic Symmetries and Invariance Principles},
publisher = {Springer},
address   = {New York},
year      = {2005},
series    = {Probability and Its Applications},
doi       = {10.1007/0-387-28861-9},
}

% PHILOSOPHICAL

@book{Probability:Gillies2000,
author    = {Gillies, D.},
title     = {Philosophical Theories of Probability},
publisher = {Routledge},
year      = {2000},
series    = {Philosphical Issues in Science},
doi       = {10.4324/9780203132241},
}

@book{Probability:deFinetti2008,
author    = {de Finetti, B.},
title     = {Philosophical Lectures on Probability: collected, edited, and annotated by {A}lberto {M}ura},
publisher = {Springer},
year      = {2008},
series    = {Synthese Library},
number    = {340},
doi       = {10.1007/978-1-4020-8202-3},
}
% editor    = {Mura, A.},

@book{Probability:Frontier2012,
editor    = {Ben-Menahem, Y. and Hemmo, M.},
title     = {Probability in Physics},
publisher = {Springer-Verlag Berlin Heidelberg},
year      = {2012},
series    = {The Frontiers Collection},
doi       = {10.1007/978-3-642-21329-8},
}

@book{Probability:Plotnitsky2010,
author    = {Plotnitsky, A.},
title     = {Epistemology and Probability: {B}ohr, {H}eisenberg, {S}chr√∂dinger, and the Nature of Quantum-Theoretical Thinking},
publisher = {Springer},
year      = {2010},
series    = {Fundamental Theories of Physics},
number    = {161},
doi       = {10.1007/978-0-387-85334-5},
}

% STOCHASTIC

@book{Probability:Durrett2016,
author    = {Durrett, R.},
title     = {Essentials of Stochastic Processes},
publisher = {Springer International Publishing},
address   = {Cham, Switzerland},
year      = {2016},
edition   = {3},
series    = {Springer Texts in Statistics},
doi       = {10.1007/978-3-319-45614-0},
}

@book{Probability:Beichelt2016,
author    = {Beichelt, F.},
title     = {Applied Probability and Stochastic Processes},
publisher = {CRC Press},
address   = {Boca Raton, Florida, USA},
year      = {2016},
edition   = {2},
}

@book{Probability:Kulkarni2017,
author    = {Kulkarni, V.~G.},
title     = {Modeling and Analysis of Stochastic Systems},
publisher = {CRC Press},
address   = {Boca Raton, Florida, USA},
year      = {2017},
edition   = {3},
series    = {Texts in Statistical Science},
}

% MISC

@book{Probability:Gorroochurn2012,
author    = {Gorroochurn, P.},
title     = {Classic Problems of Probability},
publisher = {John Wiley \& Sons, Inc.},
address   = {Hoboken, New Jersey, USA},
year      = {2012},
doi       = {10.1002/9781118314340},
}


%%%%%%%%%%%%%%%%%
% SIGMA ALGEBRA %
%%%%%%%%%%%%%%%%%

@article{Probability:Dubra2004,
author    = {Dubra, J. and Echenique, F.},
title     = {Information is not about measurability},
journal   = MathematicalSocialSciences,
year      = {2004},
volume    = {47},
number    = {2},
pages     = {177--185},
issn      = {0165-4896},
doi       = {10.1016/S0165-4896(03)00083-0},
}
% journal   = {Mathematical Social Sciences},
% url       = {http://www.sciencedirect.com/science/article/pii/S0165489603000830},

@article{Probability:HervesBeloso2012,
author    = {Herv\'{e}s-Beloso, C. and Monteiro, P.~K.},
title     = {Information and {$\sigma$}-algebras},
journal   = EconomicTheory,
year      = {2012},
volume    = {54},
number    = {2},
pages     = {405--418},
issn      = {1432-0479},
doi       = {10.1007/s00199-012-0723-1},
}
% journal   = {Economic Theory},


%%%%%%%%%%%%%%%%%%%%%%%%%%%
% CONDITIONAL PROBABILITY %
%%%%%%%%%%%%%%%%%%%%%%%%%%%

@article{Probability:Rao1975,
author    = {Rao, M.~M.},
title     = {Conditional measures and operators},
journal   = JournalofMultivariateAnalysis,
year      = {1975},
volume    = {5},
number    = {3},
pages     = {330--413},
issn      = {0047-259X},
doi       = {10.1016/0047-259X(75)90052-4},
}
% journal   = {Journal of Multivariate Analysis},
% url       = {http://www.sciencedirect.com/science/article/pii/0047259X75900524},

@article{Probability:Chang2001,
author    = {Chang, J.~T. and Pollard, D.},
title     = {Conditioning as disintegration},
journal   = StatisticaNeerlandica,
year      = {1997},
volume    = {51},
number    = {3},
pages     = {287--317},
issn      = {1467-9574},
doi       = {10.1111/1467-9574.00056},
publisher = {Blackwell Publishers Ltd},
}
% journal   = {Statistica Neerlandica},

@article{Probability:Hajek2003,
author    = {H\'{a}jek, A.},
title     = {What Conditional Probability Could Not Be},
journal   = Synthese,
year      = {2003},
volume    = {137},
number    = {3},
pages     = {273--323},
issn      = {0039-7857},
doi       = {10.1023/B:SYNT.0000004904.91112.16},
publisher = {Kluwer Academic Publishers},
}
% journal   = {Synthese},

% BOREL PARADOX

@article{Probability:Rao1988,
author    = {Rao, M.~M.},
title     = {Paradoxes in conditional probability},
journal   = JournalofMultivariateAnalysis,
year      = {1988},
volume    = {27},
number    = {2},
pages     = {434--446},
issn      = {0047-259X},
doi       = {10.1016/0047-259X(88)90140-6},
}
% journal   = {Journal of Multivariate Analysis},
% url       = {http://www.sciencedirect.com/science/article/pii/0047259X88901406},

@article{Probability:Proschan1998,
author    = {Proschan, M.~A. and Presnell, B.},
title     = {Expect the Unexpected from Conditional Expectation},
journal   = TheAmericanStatistician,
year      = {1998},
volume    = {52},
number    = {3},
pages     = {248--252},
doi       = {10.1080/00031305.1998.10480576},
}
% journal   = {The American Statistician},
% url       = {http://www.tandfonline.com/doi/abs/10.1080/00031305.1998.10480576},
% eprint    = {http://www.tandfonline.com/doi/pdf/10.1080/00031305.1998.10480576},

@article{Probability:Myrvold2014,
author    = {Myrvold, W.~C.},
title     = {You Can't Always Get What You Want: {S}ome Considerations Regarding Conditional Probabilities},
journal   = Erkenntnis,
year      = {2014},
volume    = {80},
number    = {3},
pages     = {573--603},
issn      = {1572-8420},
doi       = {10.1007/s10670-014-9656-3},
}
% journal   = {Erkenntnis},

@article{Probability:Rescorla2014,
author    = {Rescorla, M.},
title     = {Some epistemological ramifications of the {B}orel--{K}olmogorov paradox},
journal   = Synthese,
year      = {2014},
volume    = {192},
number    = {3},
pages     = {735--767},
issn      = {1573-0964},
doi       = {10.1007/s11229-014-0586-z},
}
% journal   = {Synthese},


%%%%%%%%%%%%%%%%%%%%%%%%%%
% SUBJECTIVE PROBABILITY %
%%%%%%%%%%%%%%%%%%%%%%%%%%

@article{Probability:Fishburn1986,
author    = {Fishburn, P.~C.},
title     = {The Axioms of Subjective Probability},
journal   = StatisticalScience,
year      = {1986},
volume    = {1},
number    = {3},
pages     = {335--345},
issn      = {08834237},
doi       = {10.1214/ss/1177013611},
publisher = {Institute of Mathematical Statistics},
}
% journal   = {Statistical Science},


%%%%%%%%%%%%%%%%%%%%%%%%%
% OBJECTIVE PROBABILITY %
%%%%%%%%%%%%%%%%%%%%%%%%%

@article{Probability:Ellenberg2011,
author    = {Ellenberg, J. and Sober, E.},
title     = {Objective Probabilities in Number Theory},
journal   = PhilosophiaMathematica,
year      = {2011},
volume    = {19},
number    = {3},
pages     = {308--322},
doi       = {10.1093/philmat/nkr022},
}
% journal   = {Philosophia Mathematica},
% url       = {http://philmat.oxfordjournals.org/content/19/3/308.abstract},
% eprint    = {http://philmat.oxfordjournals.org/content/19/3/308.full.pdf+html},


%%%%%%%%%%%%%%
% PHILOSOPHY %
%%%%%%%%%%%%%%

@article{Probability:Davidson1991,
author    = {Davidson, P.},
title     = {Is Probability Theory Relevant for Uncertainty? {A} Post {K}eynesian Perspective},
journal   = JournalofEconomicPerspectives,
year      = {1991},
volume    = {5},
number    = {1},
pages     = {129--143},
doi       = {10.1257/jep.5.1.129},
}
% journal   = {Journal of Economic Perspectives},
% url       = {http://www.aeaweb.org/articles.php?doi=10.1257/jep.5.1.129},

@article{Probability:Wright1978,
author    = {Wright, G.~N. and Phillips, L.~D. and Whalley, P.~C. and Choo, G.~T. and Ng, K.-O. and Tan, I. and Wisudha, A.},
title     = {Cultural Differences in Probabilistic Thinking},
journal   = JournalofCrossCulturalPsychology,
year      = {1978},
volume    = {9},
number    = {3},
pages     = {285--299},
doi       = {10.1177/002202217893002},
}
% journal   = {Journal of Cross-Cultural Psychology},
% url       = {http://jcc.sagepub.com/content/9/3/285.abstract},
% eprint    = {http://jcc.sagepub.com/content/9/3/285.full.pdf+html},

@article{Probability:Wright1979,
author    = {Wright, G.~N. and Phillips, L.~D.},
title     = {Personality and probabilistic thinking: {A}n exploratory study},
journal   = BritishJournalofPsychology,
year      = {1979},
volume    = {70},
number    = {2},
pages     = {295--303},
issn      = {2044-8295},
doi       = {10.1111/j.2044-8295.1979.tb01686.x},
publisher = {Blackwell Publishing Ltd.},
}
% journal   = {British Journal of Psychology},

@article{Probability:Wright1980,
author    = {Wright, G.~N. and Phillips, L.~D.},
title     = {Cultural Variation In Probabilistic Thinking: {A}lternative Ways Of Dealing With Uncertainty},
journal   = InternationalJournalofPsychology,
year      = {1980},
volume    = {15},
number    = {1--4},
pages     = {239--257},
issn      = {1464-066X},
doi       = {10.1080/00207598008246995},
}
% journal   = {International Journal of Psychology},
% url       = {http://dx.doi.org/10.1080/00207598008246995},


%%%%%%%%%%%%%%%%
% HISTORICALLY %
%%%%%%%%%%%%%%%%

@article{Probability:Nikodym1930,
author    = {Nikodym, O.},
title     = {Sur une g\'{e}n\'{e}ralisation des int\'{e}grales de {M. J. Radon}},
journal   = FundamentaMathematicae,
year      = {1930},
volume    = {15},
number    = {1},
pages     = {131--179},
publisher = {Institute of Mathematics Polish Academy of Sciences},
}
% journal   = {Fundamenta Mathematicae},
% language  = {French},
% publisher = {Instytut Matematyczny PAN, Warszawa},
% issn      = {0016-2736, 1730-6329/e},
% url       = {http://eudml.org/doc/212339},


%%%%%%%%%%%%%%%%%%%%%%%%%
% PROBABILITY COUPLINGS %
%%%%%%%%%%%%%%%%%%%%%%%%%

@article{Probability:Thorisson1995,
author    = {Thorisson, H.},
title     = {Coupling Methods in Probability Theory},
journal   = ScandinavianJournalofStatistics,
year      = {1995},
volume    = {22},
number    = {2},
pages     = {159--182},
}
% journal   = {Scandinavian Journal of Statistics},

@incollection{Probability:Thorisson1998,
author    = {Thorisson, H.},
title     = {Coupling},
booktitle = {Probability Towards 2000},
editor    = {Accardi, L. and  Heyde, C.~C.},
series    = {Lecture Notes in Statistics},
number    = {128},
year      = {1998},
pages     = {319--339},
publisher = {Springer-Verlag},
address   = {New York},
doi       = {10.1007/978-1-4612-2224-8_19},
}

@book{Probability:Thorisson2000,
author    = {Thorisson, H.},
title     = {Coupling, Stationarity, and Regeneration},
publisher = {Springer-Verlag},
address   = {New York},
year      = {2000},
series    = {Probability and its Applications},
}

@book{Probability:Lindvall2002,
author    = {Lindvall, T.},
title     = {Lectures on the Coupling Method},
publisher = {Dover Publications, Inc.},
address   = {Mineola, New York, USA},
year      = {2002},
series    = {Dover Books on Mathematics},
}


%%%%%%%%
% MISC %
%%%%%%%%

@article{Probability:Mostafaei2011,
author    = {Mostafaei, H. and Kordnourie, S.},
title     = {Probability Metrics and their Applications},
journal   = AppliedMathematicalSciences,
year      = {2011},
volume    = {5},
number    = {1--4},
pages     = {181--192},
}
% journal   = {Applied Mathematical Sciences},

@unpublished{Probability:Tarantola2007,
author    = {Tarantola, A.},
title     = {Mapping of Probabilities: Theory for the Interpretation of Uncertain Physical Measurements},
year      = {1988},
month     = {April 10},
note      = {manuscript, sumbitted to Cambridge University Press},
}

@article{Probability:Moosgard2011,
author    = {Mosegaard, K.},
title     = {Quest for consistency, symmetry, and simplicity: {T}he legacy of {A}lbert {T}arantola},
journal   = Geophysics,
year      = {2011},
volume    = {76},
number    = {5},
pages     = {51--61},
series    = {W},
doi       = {10.1190/geo2010-0328.1},
}
% journal   = {Geophysics},
% url       = {http://library.seg.org/doi/abs/10.1190/geo2010-0328.1},
% eprint    = {http://library.seg.org/doi/pdf/10.1190/geo2010-0328.1},

