

%%%%%%%%%
% BOOKS %
%%%%%%%%%

% GENERAL

@book{Statistics:Barlow1989,
author    = {Barlow, R.~J.},
title     = {Statistics: A Guide to the Use of Statistical Methods in the Physical Sciences},
publisher = {John Wiley \& Sons, Ltd.},
address   = {Chichester, West Sussex, UK},
year      = {2008},
edition   = {Reprint},
series    = {Manchester Physics Series},
}

@book{Statistics:Kobayashi2012,
author    = {Kobayashi, H. and Mark, B.~L. and Turin, W.},
title     = {Probability, Random Processes, and Statistical Analysis: Applications to Communications, Signal Processing, Queueing Theory and Mathematical Finance},
publisher = {Cambridge University Press},
address   = {Cambridge, UK},
year      = {2012},
doi       = {10.1017/CBO9780511977770},
}

@book{Statistics:Tanner1996,
author    = {Tanner, M.~A.},
title     = {Tools for Statistical Inference: Methods for the Exploration of Posterior Distributions and Likelihood Functions},
publisher = {Springer-Verlag},
address   = {New York},
year      = {1996},
edition   = {3},
series    = {Springer Series in Statistics},
doi       = {10.1007/978-1-4612-4024-2},
}

@book{Statistics:Wasserman2004,
author    = {Wasserman, L.},
title     = {All of Statistics: A Concise Course in Statistical Inference},
publisher = {Springer},
address   = {New York},
year      = {2004},
series    = {Springer Texts in Statistics},
doi       = {10.1007/978-0-387-21736-9},
}

@book{Statistics:Wasserman2006,
author    = {Wasserman, L.},
title     = {All of Nonparametric Statistics},
publisher = {Springer},
address   = {New York},
year      = {2006},
series    = {Springer Texts in Statistics},
doi       = {10.1007/0-387-30623-4},
}

@book{Statistics:Bartoszynski2008,
author    = {Bartoszy\'{n}ski, R. and  Niewiadomska-Bugaj, M.},
title     = {Probability and Statistical Inference},
publisher = {John Wiley \& Sons, Inc.},
address   = {Hoboken, New Jersey, USA},
year      = {2008},
edition   = {2},
doi       = {10.1002/9780470191590},
}

% COMPUTATIONAL

@book{Statistics:Gentle2002,
author    = {Gentle, J.~E.},
title     = {Elements of Computational Statistics},
publisher = {Springer},
address   = {New York},
year      = {2002},
series    = {Statistics and Computing},
doi       = {10.1007/b97337},
}

@book{Statistics:Gentle2009,
author    = {Gentle, J.~E.},
title     = {Computational Statistics},
publisher = {Springer},
address   = {New York},
year      = {2009},
series    = {Statistics and Computing},
doi       = {10.1007/978-0-387-98144-4},
}

% FOR ENGINEERS

@book{Statistics:Soong2004,
author    = {Soong, T.~T.},
title     = {Fundamentals of Probability and Statistics for Engineers},
publisher = {John Wiley \& Sons, Ltd.},
address   = {Chichester, West Sussex, UK},
year      = {2004},
}

@book{Statistics:Benaroya2005,
author    = {Benaroya, H. and Han, S.~M.},
title     = {Probability Models in Engineering and Science},
publisher = {CRC Press},
address   = {Boca Raton, Florida, USA},
year      = {2005},
series    = {Mechanical Engineering},
number    = {193},
}

@book{Statistics:Schwarzlander2011,
author    = {Schwarzlander, H.},
title     = {Probability Concepts and Theory for Engineers},
publisher = {John Wiley \& Sons, Ltd.},
address   = {Chichester, West Sussex, UK},
year      = {2011},
doi       = {10.1002/9781119990895},
}

@book{Statistics:Faber2012,
author    = {Faber, M.~H.},
title     = {Statistics and Probability Theory: In Pursuit of Engineering Decision Support},
publisher = {Springer},
adress    = {Dordrecht, Netherlands},
year      = {2012},
series    = {Topics in Safety, Risk, Reliability and Quality},
number    = {18},
doi       = {10.1007/978-94-007-4056-3},
}

@book{Statistics:Holicky2013,
author    = {Holick\'{y}, M.},
title     = {Introduction to Probability and Statistics for Engineers},
publisher = {Springer-Verlag Berlin Heidelberg},
year      = {2013},
doi       = {10.1007/978-3-642-38300-7},
}

% THEORETICAL

@book{Statistics:Shorack2000,
author    = {Shorack, G.~R.},
title     = {Probability for Statisticians},
publisher = {Springer},
address   = {New York},
year      = {2000},
series    = {Springer Texts in Statistics},
doi       = {10.1007/b98901},
}

@book{Statistics:Shao2003,
author    = {Shao, J.},
title     = {Mathematical Statistics},
publisher = {Springer},
address   = {New York},
year      = {2003},
edition   = {2},
series    = {Springer Texts in Statistics},
doi       = {10.1007/b97553},
}

@book{Statistics:Athreya2006,
author    = {Athreya, K.~B. and Lahiri, S.~N.},
title     = {Measure Theory and Probability Theory},
publisher = {Springer},
address   = {New York},
year      = {2006},
series    = {Springer Texts in Statistics},
doi       = {10.1007/978-0-387-35434-7},
}

@book{Statistics:Keener2010,
author    = {Keener, R.~W.},
title     = {Theoretical Statistics: Topics for a Core Course},
publisher = {Springer},
address   = {New York},
year      = {2010},
series    = {Springer Texts in Statistics},
doi       = {10.1007/978-0-387-93839-4},
}

@book{Statistics:DasGupta2011,
author    = {DasGupta, A.},
title     = {Probability for Statistics and Machine Learning: Fundamentals and Advanced Topics},
publisher = {Springer},
address   = {New York},
year      = {2011},
series    = {Springer Texts in Statistics},
doi       = {10.1007/978-1-4419-9634-3},
}

@book{Statistics:Proschan2016,
author    = {Proschan, M.~A. and Shaw, P.~A.},
title     = {Essentials of Probability Theory for Statisticians},
publisher = {CRC Press},
address   = {Boca Raton, Florida, USA},
year      = {2016},
series    = {Texts in Statistical Science},
}

@book{Statistics:Panaretos2016,
author    = {Panaretos, V.~M.},
title     = {Statistics for Mathematicians: A Rigorous First Course},
publisher = {Springer International Publishing},
address   = {Cham, Switzerland},
year      = {2016},
series    = {Compact Textbooks in Mathematics},
doi       = {10.1007/978-3-319-28341-8},
}

% BAYESIAN/FREQUENTIST

@book{Statistics:Barnett1999,
author    = {Barnett, V.},
title     = {Comparative Statistical Inference},
publisher = {John Wiley \& Sons, Ltd.},
address   = {Chichester, West Sussex, UK},
year      = {1999},
edition   = {3},
series    = {Wiley Series in Probability and Statistics},
doi       = {10.1002/9780470316955},
}

@book{Statistics:Cox2006,
author    = {Cox, D.~R.},
title     = {Principles of Statistical Inference},
publisher = {Cambridge University Press},
address   = {Cambridge, UK},
year      = {2006},
doi       = {10.1017/CBO9780511813559},
}

@book{Statistics:Aitkin2010,
author    = {Aitkin, M.},
title     = {Statistical Inference: An Integrated Bayesian/Likelihood Approach},
publisher = {Chapman \& Hall/CRC},
address   = {Boca Raton, Florida, USA},
year      = {2010},
series    = {Monographs on Statistics and Applied Probability},
number    = {116},
doi       = {10.1201/EBK1420093438},
}

@book{Statistics:Samaniego2010,
author    = {Samaniego, F.~J.},
title     = {A Comparison of the Bayesian and Frequentist Approaches to Estimation},
publisher = {Springer},
address   = {New York},
year      = {2010},
series    = {Springer Series in Statistics},
doi       = {10.1007/978-1-4419-5941-6},
}

@book{Statistics:Wakefield2013,
author    = {Wakefield, J.},
title     = {Bayesian and Frequentist Regression Methods},
publisher = {Springer},
address   = {New York},
year      = {2013},
series    = {Springer Series in Statistics},
doi       = {10.1007/978-1-4419-0925-1},
}

@book{Statistics:Held2014,
author    = {Held, L. and Bov\'{e}, D.~S.},
title     = {Applied Statistical Inference: Likelihood and Bayes},
publisher = {Springer-Verlag Berlin Heidelberg},
year      = {2014},
doi       = {10.1007/978-3-642-37887-4},
}

@book{Statistics:Migon2015,
author    = {Migon, H.~S. and Gamerman, D. and Louzada, F.},
title     = {Statistical Inference: An Integrated Approach},
publisher = {CRC Press},
address   = {Boca Raton, Florida, USA},
year      = {2015},
edition   = {2},
series    = {Texts in Statistical Science},
}

@book{Statistics:Vallverdu2016,
author    = {Vallverd\'{u}, J.},
title     = {Bayesians Versus Frequentists: A Philosophical Debate on Statistical Reasoning},
publisher = {Springer},
address   = {Heidelberg, Germany},
year      = {2016},
series    = {SpringerBriefs in Statistics},
doi       = {10.1007/978-3-662-48638-2},
}

% LIKELIHOOD FUNCTION

@book{Statistics:Berger1988,
author    = {Berger, J.~O. and Wolpert, R.~L.},
title     = {The Likelihood Principle: A Review, Generalizations, and Statistical Implications},
publisher = {Institute of Mathematical Statistics},
address   = {Hayward, California, USA},
year      = {1988},
edition   = {2},
series    = {Lecture Notes--Monograph Series},
number    = {6},
}

@book{Statistics:Pawitan2001,
author    = {Pawitan, Y.},
title     = {In All Likelihood: Statistical Modelling and Inference Using Likelihood},
publisher = {Oxford University Press},
address   = {Oxford, UK},
year      = {2001},
}

@book{Statistics:Lee2006,
author    = {Lee, Y. and Nelder, J.~A. and Pawitan, Y.},
title     = {Generalized Linear Models with Random Effects: Unified Analysis Via H-Likelihood},
publisher = {Chapman \& Hall/CRC},
address   = {Boca Raton, Florida, USA},
year      = {2006},
series    = {Monographs on Statistics and Applied Probability},
number    = {106},
doi       = {10.1201/9781420011340},
}

@book{Statistics:Rohde2014,
author    = {Rohde, C.~A.},
title     = {Introductory Statistical Inference with the Likelihood Function},
publisher = {Springer International Publishing},
address   = {Cham, Switzerland},
year      = {2014},
doi       = {10.1007/978-3-319-10461-4},
}

% POINT ESTIMATION

@book{Statistics:Lehmann1998,
author    = {Lehmann, E.~L. and Casella, G.},
title     = {Theory of Point Estimation},
publisher = {Springer-Verlag},
address   = {New York},
year      = {1998},
edition   = {2},
series    = {Springer Texts in Statistics},
doi       = {10.1007/b98854},
}

% GENERAL REGRESSION

@book{Statistics:Draper1998,
author    = {Draper, N.~R. and Smith, H.},
title     = {Applied Regression Analysis},
publisher = {John Wiley \& Sons, Inc.},
address   = {Hoboken, New Jersey, USA},
year      = {1998},
edition   = {3},
series    = {Wiley Series in Probability and Statistics},
doi       = {10.1002/9781118625590},
}

@book{Statistics:Rawlings1998,
author    = {Rawlings, J.~O. and Pantula, S.~G. and Dickey, D.~A.},
title     = {Applied Regression Analysis: A Research Tool},
publisher = {Springer},
address   = {New York},
year      = {1998},
edition   = {2},
series    = {Springer Texts in Statistics},
doi       = {10.1007/b98890},
}

@book{Statistics:Sen1990,
author    = {Sen, A. and Srivastava, M.},
title     = {Regression Analysis: Theory, Methods, and Applications},
publisher = {Springer},
address   = {New York},
year      = {1990},
series    = {Springer Texts in Statistics},
doi       = {10.1007/978-1-4612-4470-7},
}

@book{Statistics:Berk2008,
author    = {Berk, R.~A.},
title     = {Statistical Learning from a Regression Perspective},
publisher = {Springer},
address   = {New York},
year      = {2008},
series    = {Springer Series in Statistics},
doi       = {10.1007/978-0-387-77501-2},
}

% LINEAR REGRESSION

@book{Statistics:Seber2003,
author    = {Seber, G.~A.~F. and Lee, A.~J.},
title     = {Linear Regression Analysis},
publisher = {John Wiley \& Sons, Inc.},
address   = {Hoboken, New Jersey, USA},
year      = {2003},
edition   = {2},
series    = {Wiley Series in Probability and Statistics},
doi       = {10.1002/9780471722199},
}

@book{Statistics:Gross2003,
author    = {Groß, J.},
title     = {Linear Regression},
publisher = {Springer-Verlag Berlin Heidelberg},
year      = {2003},
series    = {Lecture Notes in Statistics},
number    = {175},
doi       = {10.1007/978-3-642-55864-1},
}

@book{Statistics:Rao2008,
author    = {Rao, C.~R. and Shalabh and Toutenburg, H. and Heumann, C.},
title     = {Linear Models and Generalizations: Least Squares and Alternatives},
publisher = {Springer-Verlag Berlin Heidelberg},
year      = {2008},
edition   = {3},
series    = {Springer Series in Statistics},
doi       = {10.1007/978-3-540-74227-2},
}

@book{Statistics:Yan2009,
author    = {Yan, X. and Su, X.~G.},
title     = {Linear Regression Analysis: Theory and Computing},
publisher = {World Scientific Publishing Co. Pte. Ltd.},
address   = {Singapore},
year      = {2009},
doi       = {10.1142/9789812834119},
}

@book{Statistics:Liu2011,
author    = {Liu, W.},
title     = {Simultaneous Inference in Regression},
publisher = {CRC Press},
address   = {Boca Raton, Florida, USA},
year      = {2011},
series    = {Monographs on Statistics and Applied Probability},
number    = {118},
doi       = {10.1201/b10289},
}

@book{Statistics:Harrell2015,
author    = {Harrell, F.~E.},
title     = {Regression Modeling Strategies: With Applications to Linear Models, Logistic and Ordinal Regression, and Survival Analysis},
publisher = {Springer International Publishing},
address   = {Cham, Switzerland},
year      = {2015},
edition   = {2},
series    = {Springer Series in Statistics},
doi       = {10.1007/978-3-319-19425-7},
}

@article{Statistics:Su2012,
author    = {Su, X. and Yan, X. and Tsai, C.-L.},
title     = {Linear regression},
journal   = WileyInterdisciplinaryReviewsComputationalStatistics,
year      = {2012},
volume    = {4},
number    = {3},
pages     = {275--294},
issn      = {1939-0068},
doi       = {10.1002/wics.1198},
publisher = {John Wiley \& Sons, Inc.},
}
% journal   = {Wiley Interdisciplinary Reviews: Computational Statistics},

% LEAST SQUARES

@book{Statistics:Lawson1995,
author    = {Lawson, C.~L. and Hanson, R.~J.},
title     = {Solving Least Squares Problems},
publisher = {Society for Industrial and Applied Mathematics (SIAM)},
address   = {Philadelphia, Pennsylvania, USA},
year      = {1995},
series    = {Classics in Applied Mathematics},
doi       = {10.1137/1.9781611971217},
}
% url       = {http://epubs.siam.org/doi/abs/10.1137/1.9781611971217},
% eprint    = {http://epubs.siam.org/doi/pdf/10.1137/1.9781611971217},

@book{Statistics:Bjorck1996,
author    = {Bj\"{o}rck, \AA{}.},
title     = {Numerical Methods for Least Squares Problems},
publisher = {Society for Industrial and Applied Mathematics (SIAM)},
address   = {Philadelphia, Pennsylvania, USA},
year      = {1996},
doi       = {10.1137/1.9781611971484},
}
% url       = {http://epubs.siam.org/doi/abs/10.1137/1.9781611971484},
% eprint    = {http://epubs.siam.org/doi/pdf/10.1137/1.9781611971484},

@article{Statistics:Bjorck2004,
author    = {Bj\"{o}rck, \AA{}.},
title     = {The calculation of linear least squares problems},
journal   = ActaNumerica,
year      = {2004},
volume    = {13},
pages     = {1--53},
issn      = {1474-0508},
doi       = {10.1017/S0962492904000169},
}
% journal   = {Acta Numerica},
% url       = {http://journals.cambridge.org/article_S0962492904000169},

@article{Statistics:White1980,
author    = {White, H.},
title     = {Using Least Squares to Approximate Unknown Regression Functions},
journal   = InternationalEconomicReview,
year      = {1980},
volume    = {21},
number    = {1},
pages     = {149--170},
issn      = {00206598, 14682354},
doi       = {10.2307/2526245},
publisher = {Economics Department of the University of Pennsylvania, Wiley, Institute of Social and Economic Research, Osaka University},
}
% journal   = {International Economic Review},
% url       = {http://www.jstor.org/stable/2526245},

% STATISTICAL LEARNING THEORY

@book{Statistics:Vapnik2000,
author    = {Vapnik, V.~N.},
title     = {The Nature of Statistical Learning Theory},
publisher = {Springer},
address   = {New York},
year      = {2000},
edition   = {2},
series    = {Statistics for Engineering and Information Science},
doi       = {10.1007/978-1-4757-3264-1},
}

@book{Statistics:Hastie2009,
author    = {Hastie, T. and Tibshirani, R. and Friedman, J.},
title     = {The Elements of Statistical Learning: Data Mining, Inference, and Prediction},
publisher = {Springer},
address   = {New York},
year      = {2009},
edition   = {2},
series    = {Springer Series in Statistics},
doi       = {10.1007/978-0-387-84858-7},
}

@book{Statistics:Kulkarni2011,
author    = {Kulkarni, S. and Harman, G.},
title     = {An Elementary Introduction to Statistical Learning Theory},
publisher = {John Wiley \& Sons, Inc.},
address   = {Hoboken, New Jersey, USA},
year      = {2011},
series    = {Wiley Series in Probability and Statistics},
doi       = {10.1002/9781118023471},
}

@book{Statistics:James2013,
author    = {James, G. and Witten, D. and Hastie, T. and Tibshirani, R.},
title     = {An Introduction to Statistical Learning: with Applications in R},
publisher = {Springer},
address   = {New York},
year      = {2013},
series    = {Springer Texts in Statistics},
number    = {103},
doi       = {10.1007/978-1-4614-7138-7},
}

@book{Statistics:Hastie2015,
author    = {Hastie, T. and Tibshirani, R. and Wainwright, M.},
title     = {Statistical Learning with Sparsity: The Lasso and Generalizations},
publisher = {CRC Press},
address   = {Boca Raton, Florida, USA},
year      = {2015},
series    = {Monographs on Statistics and Applied Probability},
number    = {143},
}

@book{Statistics:Efron2016,
author    = {Efron, B. and Hastie, T.},
title     = {Computer Age Statistical Inference: Algorithms, Evidence, and Data Science},
publisher = {Cambridge University Press},
address   = {Cambridge, UK},
year      = {2016},
isbn      = {9781316576533},
doi       = {10.1017/CBO9781316576533},
}

% HIGH-DIMENSIONAL

@book{Statistics:Izenman2008,
author    = {Izenman, A.~J.},
title     = {Modern Multivariate Statistical Techniques: Regression, Classification, and Manifold Learning},
publisher = {Springer},
address   = {New York},
year      = {2008},
series    = {Springer Texts in Statistics},
doi       = {10.1007/978-0-387-78189-1},
}

@book{Statistics:Buhlmann2011,
author    = {B\"{u}hlmann, P. and van de Geer, S.},
title     = {Statistics for High-Dimensional Data: Methods, Theory and Applications},
publisher = {Springer-Verlag Berlin Heidelberg},
year      = {2011},
series    = {Springer Series in Statistics},
doi       = {10.1007/978-3-642-20192-9},
}

@book{Statistics:Koch2014,
author    = {Koch, I.},
title     = {Analysis of Multivariate and High-Dimensional Data},
publisher = {Cambridge University Press},
address   = {New York},
year      = {2014},
series    = {Cambridge Series in Statistical and Probabilistic Mathematics},
number    = {32},
doi       = {10.1017/CBO9781139025805},
}

@book{Statistics:Giraud2015,
author    = {Giraud, C.},
title     = {Introduction to High-Dimensional Statistics},
publisher = {CRC Press},
address   = {Boca Raton, Florida, USA},
year      = {2015},
series    = {Chapman \& Hall/CRC Monographs on Statistics \& Applied Probability},
number    = {139},
}

% COMPRESSIVE SENSING

@book{Statistics:Foucart2013,
author    = {Foucart, S. and Rauhut, H.},
title     = {A Mathematical Introduction to Compressive Sensing},
publisher = {Springer},
address   = {New York},
year      = {2013},
series    = {Applied and Numerical Harmonic Analysis},
doi       = {10.1007/978-0-8176-4948-7},
}

% RESPONSE SURFACE METHODOLOGY

@book{Uncertainty:Friedman1996,
author    = {Friedman, L.~W.},
title     = {The Simulation Metamodel},
publisher = {Kluwer Academic Publishers},
address   = {Norwell, Massachusetts, USA},
year      = {1996},
doi       = {10.1007/978-1-4613-1299-4},
}

@book{Statistics:Box2007,
author    = {Box, G.~E.~P. and Draper, N.~R.},
title     = {Response Surfaces, Mixtures, and Ridge Analyses},
publisher = {John Wiley \& Sons, Inc.},
address   = {Hoboken, New Jersey, USA},
year      = {2007},
edition   = {2},
series    = {Wiley Series in Probability and Statistics},
doi       = {10.1002/0470072768},
}

@book{Statistics:Myers2016,
author    = {Myers, R.~H. and Montgomery, D.~C. and Anderson-Cook, C.~M.},
title     = {Response Surface Methodology: Process and Product Optimization Using Designed Experiments},
publisher = {John Wiley \& Sons, Inc.},
address   = {Hoboken, New Jersey, USA},
year      = {2016},
edition   = {4},
series    = {Wiley Series in Probability and Statistics},
}

% HISTORY

@book{Statistics:Dale1999,
author    = {Dale, A.~I.},
title     = {A History of Inverse Probability: From Thomas Bayes to Karl Pearson},
publisher = {Springer-Verlag},
address   = {New York},
year      = {1999},
edition   = {2},
series    = {Sources and Studies in the History of Mathematics and Physical Sciences},
doi       = {10.1007/978-1-4419-8652-8},
}

@book{Statistics:Hald2007,
author    = {Hald, A.},
title     = {A History of Parametric Statistical Inference from Bernoulli to Fisher, 1713--1935},
publisher = {Springer},
address   = {New York},
year      = {2007},
series    = {Sources and Studies in the History of Mathematics and Physical Sciences},
doi       = {10.1007/978-0-387-46409-1},
}

@book{Statistics:Fisher2011,
author    = {Fischer, H.},
title     = {A History of the Central Limit Theorem: From Classical to Modern Probability Theory},
publisher = {Springer},
address   = {New York},
year      = {2011},
series    = {Sources and Studies in the History of Mathematics and Physical Sciences},
doi       = {10.1007/978-0-387-87857-7},
}

% MEAN FIELD THEORY

@book{Statistics:Opper2001,
editor    = {Opper, M. and Saad, D.},
title     = {Advanced Mean Field Methods: Theory and Practice},
publisher = {The MIT Press},
address   = {Cambridge, Massachusetts, USA},
year      = {2001},
series    = {Neural Information Processing Series},
}

% ASYMPTOTIC EXPANSIONS

@book{Statistics:BarndorffNielsen1989,
author    = {Barndorff-Nielsen, D.~E. and Cox, D.~R.},
title     = {Asymptotic Techniques for Use in Statistics},
publisher = {Chapman \& Hall/CRC},
address   = {London, UK},
year      = {1989},
series    = {Monographs on Statistics and Applied Probability},
number    = {31},
}

@book{Statistics:Kolassa2006,
author    = {Kolassa, J.~E.},
title     = {Series Approximation Methods in Statistics},
publisher = {Springer},
address   = {New York},
year      = {2006},
edition   = {3},
series    = {Lecture Notes in Statistics},
number    = {88},
doi       = {10.1007/0-387-32227-2},
}

@book{Statistics:DasGupta2008,
author    = {DasGupta, A.},
title     = {Asymptotic Theory of Statistics and Probability},
publisher = {Springer},
address   = {New York},
year      = {2008},
series    = {Springer Texts in Statistics},
doi       = {10.1007/978-0-387-75971-5},
}

@book{Statistics:Small2010,
author    = {Small, C.~G.},
title     = {Expansions and Asymptotics for Statistics},
publisher = {Chapman \& Hall/CRC},
address   = {Boca Raton, Florida, USA},
year      = {2010},
series    = {Monographs on Statistics and Applied Probability},
number    = {115},
doi       = {10.1201/9781420011029},
}

@book{Math:Bhattacharya2010,
author    = {Bhattacharya, R.~N. and Rao, R.~R.},
title     = {Normal Approximation and Asymptotic Expansions},
publisher = {Society for Industrial and Applied Mathematics (SIAM)},
address   = {Philadelphia, Pennsylvania, USA},
year      = {2010},
series    = {Classics in Applied Mathematics},
number    = {64},
doi       = {10.1137/1.9780898719895},
}

% DIFFUSION PROCESSES

@book{Statistics:Fuchs2013,
author    = {Fuchs, C.},
title     = {Inference for Diffusion Processes: With Applications in Life Sciences},
publisher = {Springer-Verlag Berlin Heidelberg},
year      = {2013},
doi       = {10.1007/978-3-642-25969-2},
}

% IMPRECISE PROBABILITY

@book{Statistics:Walley1991,
author    = {Walley, P.},
title     = {Statistical Reasoning with Imprecise Probabilities},
publisher = {Chapman \& Hall},
address   = {London, UK},
year      = {1991},
series    = {Monographs on Statistics and Applied Probability},
number    = {42},
}

@book{Statistics:Augustin2014,
editor    = {Augustin, T. and Coolen, F.~P.~A. and de Cooman, G. and Troffaes, M.~C.~M.},
title     = {Introduction to Imprecise Probabilities},
publisher = {John Wiley \& Sons, Ltd.},
address   = {Chichester, West Sussex, UK},
year      = {2014},
series    = {Wiley Series in Probability and Statistics},
doi       = {10.1002/9781118763117},
}


%%%%%%%%%%%%
% ARTICLES %
%%%%%%%%%%%%

@article{Statistics:Box1976,
author    = {Box, G.~E.~P.},
title     = {Science and Statistics},
journal   = JournaloftheAmericanStatisticalAssociation,
year      = {1976},
volume    = {71},
number    = {356},
pages     = {791--799},
doi       = {10.1080/01621459.1976.10480949},
}
% journal   = {Journal of the American Statistical Association},
% url       = {http://www.tandfonline.com/doi/abs/10.1080/01621459.1976.10480949},
% eprint    = {http://www.tandfonline.com/doi/pdf/10.1080/01621459.1976.10480949},

@article{Statistics:Lindley2000,
author    = {Lindley, D.~V.},
title     = {The Philosophy of Statistics},
journal   = JournaloftheRoyalStatisticalSocietySeriesDTheStatistician,
year      = {2000},
volume    = {49},
number    = {3},
pages     = {293--337},
issn      = {1467-9884},
doi       = {10.1111/1467-9884.00238},
publisher = {Blackwell Publishers Ltd.},
}
% journal   = {Journal of the Royal Statistical Society: Series D (The Statistician)},

@article{Statistics:Finney1977,
author    = {Finney, D.~J.},
title     = {Dimensions of Statistics},
journal   = JournaloftheRoyalStatisticalSocietySeriesCAppliedStatistics,
year      = {1977},
volume    = {26},
number    = {3},
pages     = {285--289},
issn      = {00359254},
doi       = {10.2307/2346969},
publisher = {Wiley for the Royal Statistical Society},
}
% journal   = {Journal of the Royal Statistical Society. Series C (Applied Statistics)},
% url       = {http://www.jstor.org/stable/2346969},

@article{Statistics:Buhlmann2014,
author    = {B\"{u}hlmann, P. and Kalisch, M. and Meier, L.},
title     = {High-Dimensional Statistics with a View Toward Applications in Biology},
journal   = AnnualReviewofStatisticsandItsApplication,
year      = {2014},
volume    = {1},
number    = {1},
pages     = {255--278},
doi       = {10.1146/annurev-statistics-022513-115545},
}
% journal   = {Annual Review of Statistics and Its Application},

% BAYESIAN/FREQUENTIST

@article{Statistics:Bayarri2004,
author    = {Bayarri, M.~J. and Berger, J.~O.},
title     = {The Interplay of {B}ayesian and Frequentist Analysis},
journal   = StatisticalScience,
year      = {2004},
volume    = {19},
number    = {1},
pages     = {58--80},
doi       = {10.1214/088342304000000116},
publisher = {The Institute of Mathematical Statistics},
}
% journal   = {Statistical Science},

@article{Statistics:Efron2005,
author    = {Efron, B.},
title     = {{B}ayesians, Frequentists, and Scientists},
journal   = JournaloftheAmericanStatisticalAssociation,
year      = {2005},
volume    = {100},
number    = {469},
pages     = {1--5},
doi       = {10.1198/016214505000000033},
}
% journal   = {Journal of the American Statistical Association},

@article{Statistics:Kass2011,
author    = {Kass, R.~E.},
title     = {Statistical Inference: {T}he Big Picture},
journal   = StatisticalScience,
year      = {2011},
volume    = {26},
number    = {1},
pages     = {1--9},
doi       = {10.1214/10-STS337},
publisher = {The Institute of Mathematical Statistics},
}
% journal   = {Statistical Science},
% url       = {http://www.biomedsearch.com/nih/Statistical-Inference-Big-Picture/21841892.html},


%%%%%%%%%%%%%%%%%%%%%%
% DENSITY ESTIMATION %
%%%%%%%%%%%%%%%%%%%%%%

% ORTHOGONAL SERIES

@article{Statistics:Kronmal1968,
author    = {Kronmal, R. and Tarter, M.},
title     = {The Estimation of Probability Densities and Cumulatives by {F}ourier Series Methods},
journal   = JournaloftheAmericanStatisticalAssociation,
year      = {1968},
volume    = {63},
number    = {323},
pages     = {925--952},
issn      = {01621459},
doi       = {10.2307/2283885},
publisher = {Taylor \& Francis, Ltd. on behalf of the American Statistical Association},
}
% journal   = {Journal of the American Statistical Association},
% url       = {http://www.jstor.org/stable/2283885},

@article{Statistics:Diggle1986,
author    = {Diggle, P.~J. and Hall, P.},
title     = {The Selection of Terms in an Orthogonal Series Density Estimator},
journal   = JournaloftheAmericanStatisticalAssociation,
year      = {1986},
volume    = {81},
number    = {393},
pages     = {230--233},
issn      = {01621459},
doi       = {10.1080/01621459.1986.10478265},
publisher = {Taylor \& Francis, Ltd. on behalf of the American Statistical Association},
}
% journal   = {Journal of the American Statistical Association},
% doi       = {10.2307/2287995},
% url       = {http://www.jstor.org/stable/2287995},

@article{Statistics:Izenman1991,
author    = {Izenman, A.~J.},
title     = {Recent Developments in Nonparametric Density Estimation},
journal   = JournaloftheAmericanStatisticalAssociation,
year      = {1991},
volume    = {86},
number    = {413},
pages     = {205--224},
doi       = {10.1080/01621459.1991.10475021},
}
% journal   = {Journal of the American Statistical Association},

@incollection{Statistics:Bunea2007,
author    = {Bunea, F. and Tsybakov, A.~B. and Wegkamp, M.~H.},
title     = {Sparse Density Estimation with {$\ell_1$} Penalties},
editor    = {Bshouty, N.~H. and Gentile, C.},
booktitle = {Learning Theory},
year      = {2007},
series    = {Lecture Notes in Computer Science},
number    = {4539},
pages     = {530--543},
publisher = {Springer Berlin Heidelberg},
doi       = {10.1007/978-3-540-72927-3_38},
}

@article{Statistics:Li2009,
author    = {Li, X.~B. and Gong, F.~Q.},
title     = {A method for fitting probability distributions to engineering properties of rock masses using {L}egendre orthogonal polynomials},
journal   = StructuralSafety,
year      = {2009},
volume    = {31},
number    = {4},
pages     = {335--343},
issn      = {0167-4730},
doi       = {10.1016/j.strusafe.2008.05.001},
}
% journal   = {Structural Safety},
% url       = {http://www.sciencedirect.com/science/article/pii/S0167473008000398},

@article{Statistics:Efromovich2010,
author    = {Efromovich, S.},
title     = {Orthogonal series density estimation},
journal   = WileyInterdisciplinaryReviewsComputationalStatistics,
year      = {2010},
volume    = {2},
number    = {4},
pages     = {467--476},
issn      = {1939-0068},
doi       = {10.1002/wics.97},
publisher = {John Wiley \& Sons, Inc.},
}
% journal   = {Wiley Interdisciplinary Reviews: Computational Statistics},

@article{Statistics:Jiang2011,
author    = {Jiang, M. and Provost, S.~B.},
title     = {Improved orthogonal polynomial density estimates},
journal   = JournalofStatisticalComputationandSimulation,
year      = {2011},
volume    = {81},
number    = {11},
pages     = {1495--1516},
doi       = {10.1080/00949655.2010.492781},
}
% journal   = {Journal of Statistical Computation and Simulation},

@article{Statistics:Provost2016,
author    = {Provost, S.~B. and Ha, H.-T.},
title     = {Distribution approximation and modelling via orthogonal polynomial sequences},
journal   = StatisticsAJournalofTheoreticalandAppliedStatistics,
year      = {2016},
volume    = {50},
number    = {2},
pages     = {454--470},
doi       = {10.1080/02331888.2015.1053809},
}
% journal   = {Statistics: A Journal of Theoretical and Applied Statistics},

@article{Statistics:Morrissey2012,
author    = {Morrissey, M.~L. and Greene, J.~S.},
title     = {Tractable Analytic Expressions for the Wind Speed Probability Density Functions Using Expansions of Orthogonal Polynomials},
journal   = JournalofAppliedMeteorologyandClimatology,
year      = {2012},
volume    = {51},
number    = {7},
pages     = {1310--1320},
issn      = {1558-8424},
doi       = {10.1175/JAMC-D-11-0236.1},
publisher = {American Meteorological Society},
}
% journal   = {Journal of Applied Meteorology and Climatology},

@article{Statistics:Weng2015,
author    = {Weng, R.~C.},
title     = {Expansions for multivariate densities},
journal   = JournalofStatisticalPlanningandInference,
year      = {2015},
volume    = {167},
pages     = {174--181},
issn      = {0378-3758},
doi       = {10.1016/j.jspi.2015.05.001},
}
% journal   = {Journal of Statistical Planning and Inference},
% url       = {http://www.sciencedirect.com/science/article/pii/S0378375815000956},


%%%%%%%%%%%%%%%%%%
% NONPARAMETRICS %
%%%%%%%%%%%%%%%%%%

% BOOKS

@book{Statistics:Silverman1986,
author    = {Silverman, B.~W.},
title     = {Density Estimation for Statistics and Data Analysis},
publisher = {Chapman \& Hall/CRC},
address   = {Boca Raton, Florida, USA},
year      = {1986},
series    = {Monographs on Statistics and Applied Probability},
number    = {26},
}

@book{Statistics:Wand1994,
author    = {Wand, M.~P. and Jones, M.~C.},
title     = {Kernel Smoothing},
publisher = {Chapman \& Hall/CRC},
address   = {London, UK},
year      = {1994},
series    = {Monographs on Statistics and Applied Probability},
number    = {60},
}
% address   = {London},

@book{Statistics:Haerdle2004,
author    = {H\"{a}rdle, W. and M\"{u}ller, M. and Sperlich, S. and Werwatz, A.},
title     = {Nonparametric and Semiparametric Models},
publisher = {Springer},
year      = {2004},
series    = {Springer Series in Statistics},
doi       = {10.1007/978-3-642-17146-8},
}

% ARTICLES

@article{Statistics:Botev2010,
author    = {Botev, Z.~I. and Grotowski, J.~F. and Kroese, D.~P.},
title     = {Kernel density estimation via diffusion},
journal   = TheAnnalsofStatistics,
year      = {2010},
volume    = {38},
number    = {5},
pages     = {2916--2957},
doi       = {10.1214/10-AOS799},
publisher = {The Institute of Mathematical Statistics},
}
% journal   = {The Annals of Statistics},

% LOCAL ADAPTION

@article{Statistics:Sain1996,
author    = {Sain, S.~R. and Scott, D.~W.},
title     = {On Locally Adaptive Density Estimation},
journal   = JournaloftheAmericanStatisticalAssociation,
year      = {1996},
volume    = {91},
number    = {436},
pages     = {1525--1534},
issn      = {01621459},
doi       = {10.1080/01621459.1996.10476720},
publisher = {American Statistical Association},
}
% journal   = {Journal of the American Statistical Association},
% doi       = {10.2307/2291578},
% url       = {http://www.jstor.org/stable/2291578},

@article{Statistics:Sain2002,
author    = {Sain, S.~R.},
title     = {Multivariate locally adaptive density estimation},
journal   = ComputationalStatisticsDataAnalysis,
year      = {2002},
volume    = {39},
number    = {2},
pages     = {165--186},
issn      = {0167-9473},
doi       = {10.1016/S0167-9473(01)00053-6},
}
% journal   = {Computational Statistics \& Data Analysis},
% url       = {http://www.sciencedirect.com/science/article/pii/S0167947301000536},

% BIAS CORRECTION

@article{Statistics:Jones1995,
author    = {Jones, M.~C. and Linton, O. and Nielsen, J.~P.},
title     = {A Simple Bias Reduction Method for Density Estimation},
journal   = Biometrika,
year      = {1995},
volume    = {82},
number    = {2},
pages     = {327--338},
issn      = {00063444},
doi       = {10.1093/biomet/82.2.327},
publisher = {Biometrika Trust},
}
% journal   = {Biometrika},
% doi       = {10.2307/2337411},
% url       = {http://www.jstor.org/stable/2337411},

@article{Statistics:Hirukawa2010,
author    = {Hirukawa, M.},
title     = {Nonparametric multiplicative bias correction for kernel-type density estimation on the unit interval},
journal   = ComputationalStatisticsDataAnalysis,
year      = {2010},
volume    = {54},
number    = {2},
pages     = {473--495},
issn      = {0167-9473},
doi       = {10.1016/j.csda.2009.09.017},
}
% journal   = {Computational Statistics \& Data Analysis},
% url       = {http://www.sciencedirect.com/science/article/pii/S0167947309003430},


%%%%%%%%%%%%%%%%%%%
% MODEL SELECTION %
%%%%%%%%%%%%%%%%%%%

@book{Statistics:Burnham2002,
author    = {Burnham, K.~P. and Anderson, D.~R.},
title     = {Model Selection and Multimodel Inference: A Practical Information-Theoretic Approach},
publisher = {Springer},
address   = {New York},
year      = {2002},
edition   = {2},
doi       = {10.1007/b97636},
}

@book{Statistics:Anderson2008,
author    = {Anderson, D.~R.},
title     = {Model Based Inference in the Life Sciences: A Primer on Evidence},
publisher = {Springer},
address   = {New York},
year      = {2008},
doi       = {10.1007/978-0-387-74075-1},
}

@book{Statistics:Claeskens2008,
author    = {Claeskens, G. and Hjort, N.~L.},
title     = {Model Selection and Model Averaging},
publisher = {Cambridge University Press},
address   = {Cambridge, UK},
year      = {2008},
series    = {Cambridge Series in Statistical and Probabilistic Mathematics},
number    = {27},
doi       = {10.1017/CBO9780511790485},
}

@book{Statistics:Ando2010,
author    = {Ando, T.},
title     = {Bayesian Model Selection and Statistical Modeling},
publisher = {Chapman \& Hall/CRC},
address   = {Boca Raton, Florida, USA},
year      = {2010},
series    = {Statistics: A Series of Textbooks and Monographs},
doi       = {10.1201/EBK1439836149},
}

@article{Statistics:Claeskens2016,
author    = {Claeskens, G.},
title     = {Statistical Model Choice},
journal   = AnnualReviewofStatisticsandItsApplication,
year      = {2016},
volume    = {3},
number    = {1},
pages     = {233--256},
doi       = {10.1146/annurev-statistics-041715-033413},
}
% journal   = {Annual Review of Statistics and Its Application},


%%%%%%%%%%%%%%%%%%%%%%%%%%%%
% CONDITIONAL INDEPENDENCE %
%%%%%%%%%%%%%%%%%%%%%%%%%%%%

@article{Statistics:Dawid1979:a,
author    = {Dawid, A.~P.},
title     = {Conditional Independence in Statistical Theory},
journal   = JournaloftheRoyalStatisticalSocietySeriesBMethodological,
year      = {1979},
volume    = {41},
number    = {1},
pages     = {1--31},
issn      = {00359246},
publisher = {Wiley for the Royal Statistical Society},
}
% journal   = {Journal of the Royal Statistical Society. Series B (Methodological)},
% url       = {http://www.jstor.org/stable/2984718},

@article{Statistics:Dawid1979:b,
author    = {Dawid, A.~P.},
title     = {Some Misleading Arguments Involving Conditional Independence},
journal   = JournaloftheRoyalStatisticalSocietySeriesBMethodological,
year      = {1979},
volume    = {41},
number    = {2},
pages     = {249--252},
issn      = {00359246},
publisher = {Wiley for the Royal Statistical Society},
}
% journal   = {Journal of the Royal Statistical Society. Series B (Methodological)},
% url       = {http://www.jstor.org/stable/2985039},

@article{Statistics:Dawid1980:b,
author    = {Dawid, A.~P.},
title     = {Conditional Independence for Statistical Operations},
journal   = TheAnnalsofStatistics,
year      = {1980},
volume    = {8},
number    = {3},
pages     = {598--617},
doi       = {10.1214/aos/1176345011},
publisher = {The Institute of Mathematical Statistics},
}
% journal   = {The Annals of Statistics},

@article{Statistics:Basu1983,
author    = {Basu, D. and Pereira, C.~A.~B.},
title     = {Conditional Independence in Statistics},
journal   = SankhyaTheIndianJournalofStatisticsSeriesA,
year      = {1983},
volume    = {45},
number    = {3},
pages     = {324--337},
}

@incollection{Statistics:Basu2011,
author    = {Basu, D. and Pereira, C.~A.~B.},
title     = {Conditional Independence in Statistics},
year      = {2011},
booktitle = {Selected Works of Debabrata Basu},
series    = {Selected Works in Probability and Statistics},
editor    = {DasGupta, A.},
pages     = {371--384},
publisher = {Springer},
address   = {New York},
doi       = {10.1007/978-1-4419-5825-9_32},
}

@article{Statistics:Loperfido2010,
author    = {Loperfido, N.},
title     = {A note on marginal and conditional independence},
journal   = StatisticsProbabilityLetters,
year      = {2010},
volume    = {80},
number    = {23--24},
pages     = {1695--1699},
issn      = {0167-7152},
doi       = {10.1016/j.spl.2010.07.007},
}
% journal   = {Statistics \& Probability Letters},
% url       = {http://www.sciencedirect.com/science/article/pii/S0167715210002014},


%%%%%%%%%%%%%%%%%%%%%%%
% NUISANCE PARAMETERS %
%%%%%%%%%%%%%%%%%%%%%%%

% BAYESIAN ELIMINATION OF NUISANCE

@article{Statistics:Basu1977:a,
author    = {Basu, D.},
title     = {On the Elimination of Nuisance Parameters},
journal   = JournaloftheAmericanStatisticalAssociation,
year      = {1977},
volume    = {72},
number    = {358},
pages     = {355--366},
issn      = {01621459},
doi       = {10.1080/01621459.1977.10481002},
publisher = {American Statistical Association},
}
% journal   = {Journal of the American Statistical Association},
% doi       = {10.2307/2286800},
% url       = {http://www.jstor.org/stable/2286800},

@incollection{Statistics:Basu1977:b,
author    = {Basu, D.},
title     = {On the Elimination of Nuisance Parameters},
booktitle = {Selected Works of Debabrata Basu},
year      = {2011},
series    = {Selected Works in Probability and Statistics},
editor    = {DasGupta, A.},
pages     = {279--290},
publisher = {Springer},
address   = {New York},
doi       = {10.1007/978-1-4419-5825-9_26},
}

@article{Statistics:Dawid1980:a,
author    = {Dawid, A.~P.},
title     = {A {B}ayesian Look at Nuisance Parameters},
journal   = TrabajosdeEstadisticaYdeInvestigacionOperativa,
year      = {1980},
volume    = {31},
number    = {1},
pages     = {167--203},
issn      = {0041-0241},
doi       = {10.1007/BF02888351},
publisher = {Springer-Verlag},
}
% journal   = {Trabajos de Estadistica Y de Investigacion Operativa},

% BAYESIAN -> FREQUENTIST

@article{Statistics:Severini1999,
author    = {Severini, T.~A.},
title     = {On the relationship between {B}ayesian and non-{B}ayesian elimination of nuisance parameters},
journal   = StatisticaSinica,
year      = {1999},
volume    = {9},
number    = {3},
pages     = {713--724},
}
% journal   = {Statistica Sinica},

@article{Statistics:Berger1999,
author    = {Berger, J.~O. and Liseo, B. and Wolpert, R.~L.},
title     = {Integrated Likelihood Methods for Eliminating Nuisance Parameters},
journal   = StatisticalScience,
year      = {1999},
volume    = {14},
number    = {1},
pages     = {1--28},
doi       = {10.1214/ss/1009211804},
publisher = {Institute of Mathematical Statistics},
}
% journal   = {Statistical Science},
% url       = {http://projecteuclid.org/euclid.ss/1009211804},

@incollection{Statistics:Liseo2005,
author    = {Liseo, B.},
title     = {The Elimination of Nuisance Parameters},
editor    = {Dey, D.~K. and Rao, C.~R.},
booktitle = {Bayesian Thinking Modeling and Computation},
year      = {2005},
publisher = {Elsevier},
address   = {Amsterdam, Netherlands},
series    = {Handbook of Statistics},
volume    = {25},
pages     = {193--219},
issn      = {0169-7161},
doi       = {10.1016/S0169-7161(05)25007-1},
}
% url       = {http://www.sciencedirect.com/science/article/pii/S0169716105250071},

% FREQUENTIST: INTEGRATED LIKELIHOOD

@article{Statistics:Severini2007,
author    = {Severini, T.~A.},
title     = {Integrated likelihood functions for non-{B}ayesian inference},
journal   = Biometrika,
year      = {2007},
volume    = {94},
number    = {3},
pages     = {529--542},
doi       = {10.1093/biomet/asm040},
}
% journal   = {Biometrika},
% url       = {http://biomet.oxfordjournals.org/content/94/3/529.abstract},
% eprint    = {http://biomet.oxfordjournals.org/content/94/3/529.full.pdf+html},

@article{Statistics:Severini2011,
author    = {Severini, T.~A.},
title     = {Frequency properties of inferences based on an integrated likelihood function},
journal   = StatisticaSinica,
year      = {2011},
volume    = {21},
number    = {1},
pages     = {433--447},
}
% journal   = {Statistica Sinica},

% MISC

@article{Statistics:Spall1990,
author    = {Spall, J.~C. and Garner, J.~P.},
title     = {Parameter identification for state-space models with nuisance parameters},
journal   = IEEETransactionsonAerospaceandElectronicSystems,
year      = {1990},
volume    = {26},
number    = {6},
pages     = {992--998},
issn      = {0018-9251},
doi       = {10.1109/7.62251},
}
% journal   = {IEEE Transactions on Aerospace and Electronic Systems},

@article{Statistics:Lancaster2000,
author    = {Lancaster, T.},
title     = {The incidental parameter problem since 1948},
journal   = JournalofEconometrics,
year      = {2000},
volume    = {95},
number    = {2},
pages     = {391--413},
issn      = {0304-4076},
doi       = {10.1016/S0304-4076(99)00044-5},
}
% journal   = {Journal of Econometrics},
% url       = {http://www.sciencedirect.com/science/article/pii/S0304407699000445},


%%%%%%%%%%%%%%%%%%%%%%%%%%%%%
% PROBABILITY DISTRIBUTIONS %
%%%%%%%%%%%%%%%%%%%%%%%%%%%%%

% COMPOUND DISTRIBUTIONS

@incollection{Statistics:Kaas1986,
author    = {Kaas, R. and Goovaerts, M.~J.},
title     = {Computing Moments of Compound Distributions},
editor    = {Goovaerts, M. and de Vylder, F. and Haezendonck, J.},
booktitle = {Insurance and Risk Theory},
year      = {1986},
series    = {NATO ASI Series},
number    = {171},
pages     = {381--384},
doi       = {10.1007/978-94-009-4620-0_26},
publisher = {Springer Netherlands},
}

@article{Statistics:Murat2000,
author    = {Murat, M. and Szynal, D.},
title     = {On computational formulas for densities and moments of compound distributions},
journal   = JournalofMathematicalSciences,
year      = {2000},
volume    = {99},
number    = {3},
pages     = {1286--1299},
issn      = {1072-3374},
doi       = {10.1007/BF02674088},
publisher = {Kluwer Academic Publishers-Plenum Publishers},
}
% journal   = {Journal of Mathematical Sciences},

@article{Statistics:Grubbstroem2006,
author    = {Grubbstr\"{o}m, R.~W. and Tang, O.},
title     = {The moments and central moments of a compound distribution},
journal   = EuropeanJournalofOperationalResearch,
year      = {2006},
volume    = {170},
number    = {1},
pages     = {106--119},
issn      = {0377-2217},
doi       = {10.1016/j.ejor.2004.06.012},
}
% journal   = {European Journal of Operational Research},
% url       = {http://www.sciencedirect.com/science/article/pii/S0377221704004503},

% PARAMETRIC DISTRIBUTIONS

@book{Statistics:Crow1988,
author    = {Crow, E.~L. and Shimizu, K.},
title     = {Lognormal Distributions: Theory and Applications},
publisher = {CRC Press},
year      = {1988},
series    = {Statistics: A Series of Textbooks and Monographs},
number    = {88},
}
% publisher = {Marcel Dekker Inc.},

@book{Statistics:Krishnamoorthy2006,
author    = {Krishnamoorthy, K.},
title     = {Handbook of Statistical Distributions with Applications},
publisher = {Chapman \& Hall/CRC},
address   = {Boca Raton, Florida, USA},
year      = {2006},
series    = {Statistics: A Series of Textbooks and Monographs},
number    = {188},
doi       = {10.1201/9781420011371},
}

@book{Statistics:Balakrishnan2009,
author    = {Balakrishnan, N. and Lai, C.-D.},
title     = {Continuous Bivariate Distributions},
publisher = {Springer},
address   = {New York},
year      = {2009},
edition   = {2},
doi       = {10.1007/b101765},
}

% LOGNORMAL

@article{Statistics:Limpert2001,
author    = {Limpert, E. and Stahel, W.~A. and Abbt, M.},
title     = {Log-normal Distributions across the Sciences: {K}eys and Clues},
journal   = BioScience,
year      = {2001},
volume    = {51},
number    = {5},
pages     = {341--352},
doi       = {10.1641/0006-3568(2001)051[0341:LNDATS]2.0.CO;2},
}
% journal   = {BioScience},
% url       = {http://bioscience.oxfordjournals.org/content/51/5/341.short},
% eprint    = {http://bioscience.oxfordjournals.org/content/51/5/341.full.pdf+html},

@article{Statistics:Zerovnik2013,
author    = {\v{Z}erovnik, G. and Trkov, A. and Smith, D.~L. and Capote, R.},
title     = {Transformation of correlation coefficients between normal and lognormal distribution and implications for nuclear applications},
journal   = NuclearInstrumentsandMethodsinPhysicsResearchA,
year      = {2013},
volume    = {727},
pages     = {33--39},
issn      = {0168-9002},
doi       = {10.1016/j.nima.2013.06.025},
}
% journal   = {Nuclear Instruments and Methods in Physics Research Section A: Accelerators, Spectrometers, Detectors and Associated Equipment},
% url       = {http://www.sciencedirect.com/science/article/pii/S0168900213008450},


%%%%%%%%%%%%%%%%%%%%%%%%
% LIKELIHOOD FUNCTIONS %
%%%%%%%%%%%%%%%%%%%%%%%%

@article{Statistics:Bayarri1992,
author    = {Bayarri, M.~J. and DeGroot, M.~H.},
title     = {Difficulties and ambiguities in the definition of a likelihood function},
journal   = JournaloftheItalianStatisticalSociety,
year      = {1992},
volume    = {1},
number    = {1},
pages     = {1--15},
issn      = {1121-9130},
doi       = {10.1007/BF02589046},
publisher = {Springer-Verlag},
}
% journal   = {Journal of the Italian Statistical Society},


%%%%%%%%%%%%%%%%%%%%%%%%
% LOGNORMAL REGRESSION %
%%%%%%%%%%%%%%%%%%%%%%%%

@article{Statistics:Zellner1971,
author    = {Zellner, A.},
title     = {{B}ayesian and Non-{B}ayesian Analysis of the Log-Normal Distribution and Log-Normal Regression},
journal   = JournaloftheAmericanStatisticalAssociation,
year      = {1971},
volume    = {66},
number    = {334},
pages     = {327--330},
issn      = {01621459},
doi       = {10.1080/01621459.1971.10482263},
publisher = {American Statistical Association},
}
% journal   = {Journal of the American Statistical Association},
% doi       = {10.2307/2283931},
% url       = {http://www.jstor.org/stable/2283931},

@article{Statistics:Withers2012,
author    = {Withers, C.~S. and Nadarajah, S.},
title     = {Unbiased estimates for a lognormal regression problem and a nonparametric alternative},
journal   = Metrika,
year      = {2012},
volume    = {75},
number    = {2},
pages     = {207--227},
issn      = {0026-1335},
doi       = {10.1007/s00184-010-0323-7},
publisher = {Springer-Verlag},
}
% journal   = {Metrika},


%%%%%%%%%%%%%%%%%%%%%%%%%
% MULTIPLICATIVE MODELS %
%%%%%%%%%%%%%%%%%%%%%%%%%

@article{Statistics:Goodman1960,
author    = {Goodman, L.~A.},
title     = {On the Exact Variance of Products},
journal   = JournaloftheAmericanStatisticalAssociation,
year      = {1960},
volume    = {55},
number    = {292},
pages     = {708--713},
issn      = {01621459},
doi       = {10.1080/01621459.1960.10483369},
publisher = {American Statistical Association},
}
% journal   = {Journal of the American Statistical Association},
% doi       = {10.2307/2281592},
% url       = {http://www.jstor.org/stable/2281592},

@article{Statistics:Goodman1962,
author    = {Goodman, L.~A.},
title     = {The Variance of the Product of {$K$} Random Variables},
journal   = JournaloftheAmericanStatisticalAssociation,
year      = {1962},
volume    = {57},
number    = {297},
pages     = {54--60},
issn      = {01621459},
doi       = {10.2307/2282440},
publisher = {American Statistical Association},
}
% journal   = {Journal of the American Statistical Association},
% url       = {http://www.jstor.org/stable/2282440},

@article{Statistics:Slob1994,
author    = {Slob, W.},
title     = {Uncertainty Analysis in Multiplicative Models},
journal   = RiskAnalysis,
year      = {1994},
volume    = {14},
number    = {4},
pages     = {571--576},
issn      = {1539-6924},
doi       = {10.1111/j.1539-6924.1994.tb00271.x},
publisher = {Blackwell Publishing Ltd.},
}
% journal   = {Risk Analysis},


%%%%%%%%%%%%%%%%%%%%%%%%%
% MULTIPLICATIVE ERRORS %
%%%%%%%%%%%%%%%%%%%%%%%%%

@article{Statistics:Firth1988,
author    = {Firth, D.},
title     = {Multiplicative Errors: {L}og-Normal or {G}amma?},
journal   = JournaloftheRoyalStatisticalSocietySeriesBMethodological,
year      = {1988},
volume    = {50},
number    = {2},
pages     = {266--268},
issn      = {00359246},
publisher = {Wiley for the Royal Statistical Society},
}
% journal   = {Journal of the Royal Statistical Society. Series B (Methodological)},
% url       = {http://www.jstor.org/stable/2345764},

@article{Statistics:Gleit1984,
author    = {Gleit, A. and Leadbetter, M.~R. and Manson, A.~R.},
title     = {Estimation for Lognormal Data with Multiplicative Errors},
journal   = JournaloftheAirPollutionControlAssociation,
year      = {1984},
volume    = {34},
number    = {3},
pages     = {237--241},
doi       = {10.1080/00022470.1984.10465746},
}
% journal   = {Journal of the Air Pollution Control Association},

@article{Statistics:Flewelling1981,
author    = {Flewelling, J.~W. and Pienaar, L.~V.},
title     = {Multiplicative Regression with Lognormal Errors},
journal   = ForestScience,
year      = {1981},
volume    = {27},
number    = {2},
pages     = {281--289},
}
% journal   = {Forest Science},
% url       = {http://www.ingentaconnect.com/content/saf/fs/1981/00000027/00000002/art00016},

@article{Statistics:Iturria1999,
author    = {Iturria, S.~J. and Carroll, R.~J. and Firth, D.},
title     = {Polynomial Regression and Estimating Functions in the Presence of Multiplicative Measurement Error},
journal   = JournaloftheRoyalStatisticalSocietySeriesBStatisticalMethodology,
year      = {1999},
volume    = {61},
number    = {3},
pages     = {547--561},
issn      = {13697412},
doi       = {10.1111/1467-9868.00192},
publisher = {Wiley for the Royal Statistical Society},
}
% journal   = {Journal of the Royal Statistical Society. Series B (Statistical Methodology)},
% url       = {http://www.jstor.org/stable/2680722},

@article{Statistics:Engle2002,
author    = {Engle, R.},
title     = {New frontiers for {ARCH} models},
journal   = JournalofAppliedEconometrics,
year      = {2002},
volume    = {17},
number    = {5},
pages     = {425--446},
issn      = {1099-1255},
doi       = {10.1002/jae.683},
publisher = {John Wiley \& Sons, Ltd.},
}
% journal   = {Journal of Applied Econometrics},

@article{Statistics:Driver2003,
author    = {Driver, C. and Valletti, T.~M.},
title     = {Additive and Multiplicative Uncertainty Revisited: {W}hat Explains the Contrasting Biases?},
journal   = JournalofEconomics,
year      = {2003},
volume    = {79},
number    = {2},
pages     = {187--198},
issn      = {0931-8658},
doi       = {10.1007/s00712-002-0581-6},
publisher = {Springer-Verlag},
}
% journal   = {Journal of Economics},

@article{Statistics:Nonyane2008,
author    = {Nonyane, B.~A.~S. and Theobald, C.~M.},
title     = {Multiplicative models for combining information from several sensory experiments: {A} {B}ayesian analysis},
journal   = FoodQualityandPreference,
year      = {2008},
volume    = {19},
number    = {3},
pages     = {260--266},
issn      = {0950-3293},
doi       = {10.1016/j.foodqual.2007.07.008},
}
% journal   = {Food Quality and Preference},
% url       = {http://www.sciencedirect.com/science/article/pii/S0950329307000985},

@article{Statistics:Keats2009,
author    = {Keats, A. and Cheng, M.-T. and Yee, E. and Lien, F.-S.},
title     = {{B}ayesian treatment of a chemical mass balance receptor model with multiplicative error structure},
journal   = AtmosphericEnvironment,
year      = {2009},
volume    = {43},
number    = {3},
pages     = {510--519},
issn      = {1352-2310},
doi       = {10.1016/j.atmosenv.2008.10.031},
}
% journal   = {Atmospheric Environment},
% url       = {http://www.sciencedirect.com/science/article/pii/S1352231008009722},

@article{Statistics:Zhang2012,
author    = {Zhang, P. and Liu, J. and Dong, J. and Holovati, J.~L. and Letcher, B. and McGann, L.~E.},
title     = {A {B}ayesian Adjustment for Multiplicative Measurement Errors for a Calibration Problem with Application to a Stem Cell Study},
journal   = Biometrics,
year      = {2012},
volume    = {68},
number    = {1},
pages     = {268--274},
issn      = {1541-0420},
doi       = {10.1111/j.1541-0420.2011.01641.x},
publisher = {Blackwell Publishing Inc.},
}
% journal   = {Biometrics},

@article{Statistics:Tian2013,
author    = {Tian, Y. and Huffman, G.~J. and Adler, R.~F. and Tang, L. and Sapiano, M. and Maggioni, V. and Wu, H.},
title     = {Modeling errors in daily precipitation measurements: {A}dditive or multiplicative?},
journal   = GeophysicalResearchLetters,
year      = {2013},
volume    = {40},
number    = {10},
pages     = {2060--2065},
issn      = {1944-8007},
doi       = {10.1002/grl.50320},
}
% journal   = {Geophysical Research Letters},

% MULTIPLICATIVE ERRORS IN VARIABLES

@article{Statistics:Hwang1986,
author    = {Hwang, J.~T.},
title     = {Multiplicative Errors-in-Variables Models with Applications to Recent Data Released by the {U.S.} Department of Energy},
journal   = JournaloftheAmericanStatisticalAssociation,
year      = {1986},
volume    = {81},
number    = {395},
pages     = {680--688},
doi       = {10.1080/01621459.1986.10478321},
}
% journal   = {Journal of the American Statistical Association},
% url       = {http://www.tandfonline.com/doi/abs/10.1080/01621459.1986.10478321},
% eprint    = {http://www.tandfonline.com/doi/pdf/10.1080/01621459.1986.10478321},


%%%%%%%%%%%%%%
% REGRESSION %
%%%%%%%%%%%%%%

% QUASI-REGRESSION

@article{Statistics:Owen2000,
author    = {Owen, A.~B.},
title     = {Assessing linearity in high dimensions},
journal   = TheAnnalsofStatistics,
year      = {2000},
volume    = {28},
number    = {1},
pages     = {1--19},
doi       = {10.1214/aos/1016120362},
publisher = {The Institute of Mathematical Statistics},
}
% journal   = {The Annals of Statistics},

@article{Statistics:An2001,
author    = {An, J. and Owen, A.},
title     = {Quasi-regression},
journal   = JournalofComplexity,
year      = {2001},
volume    = {17},
number    = {4},
pages     = {588--607},
issn      = {0885-064X},
doi       = {10.1006/jcom.2001.0588},
}
% journal   = {Journal of Complexity},
% url       = {http://www.sciencedirect.com/science/article/pii/S0885064X01905886},

% (LOO) CROSS VALIDATION

@article{Statistics:Geisser1975,
author    = {Geisser, S.},
title     = {The Predictive Sample Reuse Method with Applications},
journal   = JournaloftheAmericanStatisticalAssociation,
year      = {1975},
volume    = {70},
number    = {350},
pages     = {320--328},
doi       = {10.1080/01621459.1975.10479865},
}
% journal   = {Journal of the American Statistical Association},
% url       = {http://www.tandfonline.com/doi/abs/10.1080/01621459.1975.10479865},
% eprint    = {http://www.tandfonline.com/doi/pdf/10.1080/01621459.1975.10479865},

@article{Statistics:Geisser1979,
author    = {Geisser, S. and Eddy, W.~F.},
title     = {A Predictive Approach to Model Selection},
journal   = JournaloftheAmericanStatisticalAssociation,
year      = {1979},
volume    = {74},
number    = {365},
pages     = {153--160},
doi       = {10.1080/01621459.1979.10481632},
}
% journal   = {Journal of the American Statistical Association},
% url       = {http://www.tandfonline.com/doi/abs/10.1080/01621459.1979.10481632},
% eprint    = {http://www.tandfonline.com/doi/pdf/10.1080/01621459.1979.10481632},

@article{Statistics:Picard1984,
author    = {Picard, R.~R. and Cook, R.~D.},
title     = {Cross-Validation of Regression Models},
journal   = JournaloftheAmericanStatisticalAssociation,
year      = {1984},
volume    = {79},
number    = {387},
pages     = {575--583},
doi       = {10.1080/01621459.1984.10478083},
}
% journal   = {Journal of the American Statistical Association},
% url       = {http://www.tandfonline.com/doi/abs/10.1080/01621459.1984.10478083},
% eprint    = {http://www.tandfonline.com/doi/pdf/10.1080/01621459.1984.10478083},

@article{Statistics:Shao1993,
author    = {Shao, J.},
title     = {Linear Model Selection by Cross-validation},
journal   = JournaloftheAmericanStatisticalAssociation,
year      = {1993},
volume    = {88},
number    = {422},
pages     = {486--494},
doi       = {10.1080/01621459.1993.10476299},
}
% journal   = {Journal of the American Statistical Association},
% url       = {http://www.tandfonline.com/doi/abs/10.1080/01621459.1993.10476299},
% eprint    = {http://www.tandfonline.com/doi/pdf/10.1080/01621459.1993.10476299},

@article{Statistics:Efron1997,
author    = {Efron, B. and Tibshirani, R.},
title     = {Improvements on Cross-Validation: {T}he 632+ Bootstrap Method},
journal   = JournaloftheAmericanStatisticalAssociation,
year      = {1997},
volume    = {92},
number    = {438},
pages     = {548--560},
doi       = {10.1080/01621459.1997.10474007},
}
% journal   = {Journal of the American Statistical Association},

@article{Statistics:Arlot2010,
author    = {Arlot, S. and Celisse, A.},
title     = {A survey of cross-validation procedures for model selection},
journal   = StatisticsSurveys,
year      = {2010},
volume    = {4},
pages     = {40--79},
doi       = {10.1214/09-SS054},
publisher = {The American Statistical Association, the Bernoulli Society, the Institute of Mathematical Statistics, and the Statistical Society of Canada},
}
% journal   = {Statistics Surveys},

% LASSO

@article{Statistics:Tibshirani1996,
author    = {Tibshirani, R.},
title     = {Regression Shrinkage and Selection via the Lasso},
journal   = JournaloftheRoyalStatisticalSocietySeriesBMethodological,
year      = {1996},
volume    = {58},
number    = {1},
pages     = {267--288},
issn      = {00359246},
publisher = {Wiley for the Royal Statistical Society},
}
% journal   = {Journal of the Royal Statistical Society. Series B (Methodological)},
% url       = {http://www.jstor.org/stable/2346178},

@article{Statistics:Tibshirani2011,
author    = {Tibshirani, R.},
title     = {Regression shrinkage and selection via the lasso: a retrospective},
journal   = JournaloftheRoyalStatisticalSocietySeriesBStatisticalMethodology,
year      = {2011},
volume    = {73},
number    = {3},
pages     = {273--282},
issn      = {1467-9868},
doi       = {10.1111/j.1467-9868.2011.00771.x},
publisher = {Blackwell Publishing Ltd},
}
% journal   = {Journal of the Royal Statistical Society: Series B (Statistical Methodology)},

@article{Statistics:Park2008,
author    = {Park, T. and Casella, G.},
title     = {The {B}ayesian Lasso},
journal   = JournaloftheAmericanStatisticalAssociation,
year      = {2008},
volume    = {103},
number    = {482},
pages     = {681--686},
doi       = {10.1198/016214508000000337},
}
% journal   = {Journal of the American Statistical Association},

@article{Statistics:Ji2008,
author    = {Ji, S. and Xue, Y. and Carin, L.},
title     = {{B}ayesian Compressive Sensing},
journal   = IEEETransactionsonSignalProcessing,
year      = {2008},
volume    = {56},
number    = {6},
pages     = {2346--2356},
issn      = {1053-587X},
doi       = {10.1109/TSP.2007.914345},
}
% journal   = {IEEE Transactions on Signal Processing},

@article{Statistics:Kyung2010,
author    = {Kyung, M. and Gill, J. and Ghosh, M. and Casella, G.},
title     = {Penalized regression, standard errors, and {B}ayesian lassos},
journal   = BayesianAnalysis,
year      = {2010},
volume    = {5},
number    = {2},
pages     = {369--411},
doi       = {10.1214/10-BA607},
publisher = {International Society for Bayesian Analysis},
}
% journal   = {Bayesian Analysis},
% url       = {http://projecteuclid.org/euclid.ba/1340218343},

% l1 REGULARIZATION

@article{Statistics:Vidaurre2013,
author    = {Vidaurre, D. and Bielza, C. and Larra\~{n}aga, P.},
title     = {A Survey of {$L_1$} Regression},
journal   = InternationalStatisticalReview,
year      = {2013},
volume    = {81},
number    = {3},
pages     = {361--387},
issn      = {1751-5823},
doi       = {10.1111/insr.12023},
}
% journal   = {International Statistical Review},

% LAR

@article{Statistics:Efron2004:a,
author    = {Efron, B. and Hastie, T. and Johnstone, I. and Tibshirani, R.},
title     = {Least angle regression},
journal   = TheAnnalsofStatistics,
year      = {2004},
volume    = {32},
number    = {2},
pages     = {407--499},
doi       = {10.1214/009053604000000067},
publisher = {The Institute of Mathematical Statistics},
}
% journal   = {The Annals of Statistics},

@article{Statistics:Hastie2007,
author    = {Hastie, T. and Taylor, J. and Tibshirani, R. and Walther, G.},
title     = {Forward stagewise regression and the monotone lasso},
journal   = ElectronicJournalofStatistics,
year      = {2007},
volume    = {1},
pages     = {1--29},
doi       = {10.1214/07-EJS004},
publisher = {The Institute of Mathematical Statistics and the Bernoulli Society},
}
% journal   = {Electronic Journal of Statistics},

@article{Statistics:Hesterberg2008,
author    = {Hesterberg, T. and Choi, N.~H. and Meier, L. and Fraley, C.},
title     = {Least angle and {$\ell_1$} penalized regression: {A} review},
journal   = StatisticsSurveys,
year      = {2008},
volume    = {2},
pages     = {61--93},
doi       = {10.1214/08-SS035},
publisher = {The American Statistical Association, the Bernoulli Society, the Institute of Mathematical Statistics, and the Statistical Society of Canada},
}
% journal   = {Statistics Surveys},

@article{Statistics:Zhang2014,
author    = {Zhang, H. and Zamar, R.~H.},
title     = {Least angle regression for model selection},
journal   = WileyInterdisciplinaryReviewsComputationalStatistics,
year      = {2014},
volume    = {6},
number    = {2},
pages     = {116--123},
issn      = {1939-0068},
doi       = {10.1002/wics.1288},
publisher = {John Wiley \& Sons, Inc.},
}
% journal   = {Wiley Interdisciplinary Reviews: Computational Statistics},

% DESIGN OF EXPERIMENTS

@book{Statistics:Fedorov1997,
author    = {Fedorov, V.~V. and Hackl, P.},
title     = {Model-Oriented Design of Experiments},
publisher = {Springer},
address   = {New York},
year      = {1997},
series    = {Lecture Notes in Statistics},
number    = {125},
doi       = {10.1007/978-1-4612-0703-0},
}

@book{Statistics:Liski2002,
author    = {Liski, E.~P. and Mandal, N.~K. and Shah, K.~R. and Sinha, B.~K.},
title     = {Topics in Optimal Design},
publisher = {Springer},
address   = {New York},
year      = {2002},
series    = {Lecture Notes in Statistics},
number    = {163},
doi       = {10.1007/978-1-4613-0049-6},
}

@book{Statistics:Pukelsheim2006,
author    = {Pukelsheim, F.},
title     = {Optimal Design of Experiments},
publisher = {Society for Industrial and Applied Mathematics (SIAM)},
address   = {Philadelphia, Pennsylvania, USA},
year      = {2006},
series    = {Classics in Applied Mathematics},
number    = {50},
doi       = {10.1137/1.9780898719109},
}
% url       = {http://epubs.siam.org/doi/abs/10.1137/1.9780898719109},
% eprint    = {http://epubs.siam.org/doi/pdf/10.1137/1.9780898719109},

@book{Statistics:Casella2008,
author    = {George Casella},
title     = {Statistical Design},
publisher = {Springer},
address   = {New York},
year      = {2008},
series    = {Springer Texts in Statistics},
doi       = {10.1007/978-0-387-75965-4},
}

@book{Statistics:Toutenburg2009,
author    = {Toutenburg, H. and Shalabh},
title     = {Statistical Analysis of Designed Experiments},
publisher = {Springer},
address   = {New York},
year      = {2009},
edition   = {3},
series    = {Springer Texts in Statistics},
doi       = {10.1007/978-1-4419-1148-3},
}

@book{Statistics:Goos2011,
author    = {Goos, P. and Jones, B.},
title     = {Optimal Design of Experiments: A Case Study Approach},
publisher = {John Wiley \& Sons, Ltd.},
address   = {Chichester, West Sussex, UK},
year      = {2011},
doi       = {10.1002/9781119974017},
}

@book{Statistics:Pronzato2013,
author    = {Pronzato, L. and P\'{a}zman, A.},
title     = {Design of Experiments in Nonlinear Models: Asymptotic Normality, Optimality Criteria and Small-Sample Properties},
publisher = {Springer},
address   = {New York},
year      = {2013},
series    = {Lecture Notes in Statistics},
number    = {212},
doi       = {10.1007/978-1-4614-6363-4},
}

@book{Statistics:Fedorov2014,
author    = {Fedorov, V.~V. and Leonov, S.~L.},
title     = {Optimal Design for Nonlinear Response Models},
publisher = {CRC Press},
address   = {Boca Raton, Florida, USA},
year      = {2014},
series    = {Chapman \& Hall/CRC Biostatistics Series},
}

% RESAMPLING

@book{Statistics:Efron1993,
author    = {Efron, B. and Tibshirani, R.~J.},
title     = {An Introduction to the Bootstrap},
publisher = {Chapman \& Hall, Inc.},
address   = {New York},
year      = {1993},
series    = {Monographs on Statistics and Applied Probability},
number    = {57},
}
% publisher = {Chapman \& Hall/CRC},
% address   = {Boca Raton, Florida, USA},

@book{Statistics:Davison1997,
author    = {Davison, A.~C. and Hinkley, D.~V.},
title     = {Bootstrap Methods And Their Application},
publisher = {Cambridge University Press},
address   = {Cambridge, UK},
year      = {1997},
series    = {Cambridge Series in Statistical and Probabilistic Mathematics},
number    = {1},
doi       = {10.1017/CBO9780511802843},
}

@article{Statistics:Bunke1984:a,
author    = {Bunke, O. and Droge, B.},
title     = {Bootstrap and Cross-Validation Estimates of the Prediction Error for Linear Regression Models},
journal   = TheAnnalsofStatistics,
year      = {1984},
volume    = {12},
number    = {4},
pages     = {1400--1424},
doi       = {10.1214/aos/1176346800},
publisher = {The Institute of Mathematical Statistics},
}
% journal   = {The Annals of Statistics},

@article{Statistics:Bunke1984:b,
author    = {Bunke, O. and Droge, B.},
title     = {Estimators of the Mean Squared Error of Prediction in Linear Regression},
journal   = Technometrics,
year      = {1984},
volume    = {26},
number    = {2},
pages     = {145--155},
doi       = {10.1080/00401706.1984.10487940},
}
% journal   = {Technometrics},
% url       = {http://www.tandfonline.com/doi/abs/10.1080/00401706.1984.10487940},
% eprint    = {http://www.tandfonline.com/doi/pdf/10.1080/00401706.1984.10487940},

% LOO ERROR

@article{Statistics:Chapelle2002,
author    = {Chapelle, O. and Vapnik, V. and Bengio, Y.},
title     = {Model Selection for Small Sample Regression},
journal   = MachineLearning,
year      = {2002},
volume    = {48},
number    = {1--3},
pages     = {9--23},
issn      = {0885-6125},
doi       = {10.1023/A:1013943418833},
publisher = {Kluwer Academic Publishers},
}
% journal   = {Machine Learning},

@article{Statistics:Molinaro2005,
author    = {Molinaro, A.~M. and Simon, R. and Pfeiffer, R.~M.},
title     = {Prediction error estimation: a comparison of resampling methods},
journal   = Bioinformatics,
year      = {2005},
volume    = {21},
number    = {15},
pages     = {3301--3307},
doi       = {10.1093/bioinformatics/bti499},
}
% journal   = {Bioinformatics},
% url       = {http://bioinformatics.oxfordjournals.org/content/21/15/3301.abstract},
% eprint    = {http://bioinformatics.oxfordjournals.org/content/21/15/3301.full.pdf+html},

% GENERALIZATION ERROR

@article{Statistics:Breiman1992,
author    = {Breiman, L. and Spector, P.},
title     = {Submodel Selection and Evaluation in Regression. {T}he {$X$}-Random Case},
journal   = InternationalStatisticalReview,
year      = {1992},
volume    = {60},
number    = {3},
pages     = {291--319},
doi       = {10.2307/1403680},
}
% journal   = {International Statistical Review},
% url       = {http://www.jstor.org/stable/1403680},

@article{Statistics:Nadeau2003,
author    = {Nadeau, C. and Bengio, Y.},
title     = {Inference for the Generalization Error},
journal   = MachineLearning,
year      = {2003},
volume    = {52},
number    = {3},
pages     = {239--281},
issn      = {1573-0565},
doi       = {10.1023/A:1024068626366},
}
% journal   = {Machine Learning},

@article{Statistics:Efron2004:b,
author    = {Efron, B.},
title     = {The Estimation of Prediction Error},
journal   = JournaloftheAmericanStatisticalAssociation,
year      = {2004},
volume    = {99},
number    = {467},
pages     = {619--632},
doi       = {10.1198/016214504000000692},
}
% journal   = {Journal of the American Statistical Association},

@article{Statistics:Borra2010,
author    = {Borra, S. and Di Ciaccio, A.},
title     = {Measuring the prediction error. {A} comparison of cross-validation, bootstrap and covariance penalty methods},
journal   = ComputationalStatisticsDataAnalysis,
year      = {2010},
volume    = {54},
number    = {12},
pages     = {2976--2989},
issn      = {0167-9473},
doi       = {10.1016/j.csda.2010.03.004},
}
% journal   = {Computational Statistics \& Data Analysis},
% url       = {http://www.sciencedirect.com/science/article/pii/S0167947310001064},

@article{Statistics:Zhang2015,
author    = {Zhang, Y. and Yang, Y.},
title     = {Cross-validation for selecting a model selection procedure},
journal   = JournalofEconometrics,
year      = {2015},
volume    = {187},
number    = {1},
pages     = {95--112},
issn      = {0304-4076},
doi       = {10.1016/j.jeconom.2015.02.006},
}
% journal   = {Journal of Econometrics},
% url       = {http://www.sciencedirect.com/science/article/pii/S0304407615000305},

% KDE

@article{Statistics:Fushiki2009,
author    = {Fushiki, T.},
title     = {Estimation of prediction error by using {$K$}-fold cross-validation},
journal   = StatisticsandComputing,
year      = {2009},
volume    = {21},
number    = {2},
pages     = {137--146},
issn      = {1573-1375},
doi       = {10.1007/s11222-009-9153-8},
}
% journal   = {Statistics and Computing},


%%%%%%%%%%%%%%%%%%%%%%%%%
% MODEL PARAMETRIZATION %
%%%%%%%%%%%%%%%%%%%%%%%%%

% DATA TRANSFORMATIONS

@article{Statistics:Box1964,
author    = {Box, G.~E.~P. and Cox, D.~R.},
title     = {An Analysis of Transformations},
journal   = JournaloftheRoyalStatisticalSocietySeriesBMethodological,
year      = {1964},
volume    = {26},
number    = {2},
pages     = {211--252},
issn      = {00359246},
publisher = {Royal Statistical Society, Wiley},
}
% journal   = {Journal of the Royal Statistical Society. Series B (Methodological)},
% url       = {http://www.jstor.org/stable/2984418},

@article{Statistics:Bickel1981,
author    = {Bickel, P.~J. and Doksum, K.~A.},
title     = {An Analysis of Transformations Revisited},
journal   = JournaloftheAmericanStatisticalAssociation,
year      = {1981},
volume    = {76},
number    = {374},
pages     = {296--311},
doi       = {10.1080/01621459.1981.10477649},
}
% journal   = {Journal of the American Statistical Association},
% url       = {http://www.tandfonline.com/doi/abs/10.1080/01621459.1981.10477649},
% eprint    = {http://www.tandfonline.com/doi/pdf/10.1080/01621459.1981.10477649},

@article{Statistics:Sakia1992,
author    = {Sakia, R.~M.},
title     = {The {B}ox-{C}ox Transformation Technique: {A} Review},
journal   = JournaloftheRoyalStatisticalSocietySeriesDTheStatistician,
year      = {1992},
volume    = {41},
number    = {2},
pages     = {169--178},
publisher = {Royal Statistical Society, Wiley},
}
% journal   = {Journal of the Royal Statistical Society. Series D (The Statistician)},
% issn      = {00390526, 14679884},
% url       = {http://www.jstor.org/stable/2348250},

@article{Statistics:Chen2004,
author    = {Chen, W. and Baghdasaryan, L. and Buranathiti, T. and Cao, J.},
title     = {Model Validation via Uncertainty Propagation and Data Transformations},
journal   = AIAAJournal,
year      = {2004},
volume    = {42},
number    = {7},
pages     = {1406--1415},
issn      = {0001-1452},
doi       = {10.2514/1.491},
}
% journal   = {AIAA Journal},

% PARAMETER TRANSFORMATIONS

@article{Statistics:Box1962,
author    = {Box, G.~E.~P. and Tidwell, P.~W.},
title     = {Transformation of the Independent Variables},
journal   = Technometrics,
year      = {1962},
volume    = {4},
number    = {4},
pages     = {531--550},
doi       = {10.1080/00401706.1962.10490038},
}
% journal   = {Technometrics},
% url       = {http://www.tandfonline.com/doi/abs/10.1080/00401706.1962.10490038},
% eprint    = {http://www.tandfonline.com/doi/pdf/10.1080/00401706.1962.10490038},


%%%%%%%%%%%%%%%%%%%%%%%
% STATISTICAL TESTING %
%%%%%%%%%%%%%%%%%%%%%%%

% BOOKS

@book{Statistics:Lehmann2005,
author    = {Lehmann, E.~L. and Romano, J.~P.},
title     = {Testing Statistical Hypotheses},
publisher = {Springer},
address   = {New York},
year      = {2005},
edition   = {3},
series    = {Springer Texts in Statistics},
doi       = {10.1007/0-387-27605-X},
}

@book{Statistics:Lecoutre2014,
author    = {Lecoutre, B. and Poitevineau, J.},
title     = {The Significance Test Controversy Revisited: The Fiducial Bayesian Alternative},
publisher = {Springer},
address   = {Heidelberg},
year      = {2014},
series    = {SpringerBriefs in Statistics},
doi       = {10.1007/978-3-662-44046-9},
}

% SIGNIFICANCE TESTING

% P-VALUES

@article{Statistics:Schervish1996,
author    = {Schervish, M.~J.},
title     = {P Values: {W}hat They are and What They are Not},
journal   = TheAmericanStatistician,
year      = {1996},
volume    = {50},
number    = {3},
pages     = {203--206},
doi       = {10.1080/00031305.1996.10474380},
}
% journal   = {The American Statistician},

% HYPOTHESIS TESTING

@article{Statistics:Berger2003,
author    = {Berger, J.~O.},
title     = {Could {F}isher, {J}effreys and {N}eyman Have Agreed on Testing?},
journal   = StatisticalScience,
year      = {2003},
volume    = {18},
number    = {1},
pages     = {1--32},
doi       = {10.1214/ss/1056397485},
publisher = {The Institute of Mathematical Statistics},
}
% journal   = {Statistical Science},

@article{Statistics:Christensen2005,
author    = {Christensen, R.},
title     = {Testing {F}isher, {N}eyman, {P}earson, and {B}ayes},
journal   = TheAmericanStatistician,
year      = {2005},
volume    = {59},
number    = {2},
pages     = {121--126},
doi       = {10.1198/000313005X20871},
}
% journal   = {The American Statistician},

@article{Statistics:Gonen2005,
author    = {G\"{o}nen, M. and Johnson, W.~O. and Lu, Y. and Westfall, P.~H.},
title     = {The {B}ayesian Two-Sample t Test},
journal   = TheAmericanStatistician,
year      = {2005},
volume    = {59},
number    = {3},
pages     = {252--257},
doi       = {10.1198/000313005X55233},
}
% journal   = {The American Statistician},


%%%%%%%%%%%%%%%%%
% COPULA THEORY %
%%%%%%%%%%%%%%%%%

@inbook{Statistics:Sklar1996,
author    = {Sklar, A.},
title     = {Random variables, distribution functions, and copulas---a personal look backward and forward},
booktitle = {Distributions with fixed marginals and related topics},
editor    = {Rüschendorf, L. and Schweizer, B. and Taylor, M.~D.},
year      = {1996},
publisher = {Institute of Mathematical Statistics},
address   = {Hayward, California, USA},
pages     = {1--14},
series    = {Lecture Notes--Monograph Series},
number    = {28},
doi       = {10.1214/lnms/1215452606},
}

@book{Statistics:Nelsen2006,
author    = {Nelsen, R.~B.},
title     = {An Introduction to Copulas},
publisher = {Springer},
address   = {New York},
year      = {2006},
edition   = {2},
series    = {Springer Series in Statistics},
doi       = {10.1007/0-387-28678-0},
}

@book{Statistics:Joe2015,
author    = {Joe, H.},
title     = {Dependence Modeling with Copulas},
publisher = {CRC Press},
address   = {Boca Raton, Florida, USA},
year      = {2015},
series    = {Monographs on Statistics and Applied Probability},
number    = {134},
}


%%%%%%%%%%%%%%%%%%%%%%%
% DIMENSION REDUCTION %
%%%%%%%%%%%%%%%%%%%%%%%

@book{Statistics:Lee2007,
author    = {Lee, J.~A. and Verleysen, M.},
title     = {Nonlinear Dimensionality Reduction},
publisher = {Springer},
address   = {New York},
year      = {2007},
series    = {Information Science and Statistics},
doi       = {10.1007/978-0-387-39351-3},
}

@book{Statistics:Wang2011,
author    = {Wang, J.},
title     = {Geometric Structure of High-Dimensional Data and Dimensionality Reduction},
publisher = {Springer-Verlag Berlin Heidelberg},
year      = {2011},
doi       = {10.1007/978-3-642-27497-8},
}

@book{Statistics:Farcomeni2015,
author    = {Farcomeni, A. and Greco, L.},
title     = {Robust Methods for Data Reduction},
publisher = {CRC Press},
address   = {Boca Raton, Florida, USA},
year      = {2015},
doi       = {10.1201/b18358},
}

% ORTHOGONAL TRANSFORM

@book{Statistics:Ahmed1975,
author    = {Ahmed, N. and Rao, K.~R.},
title     = {Orthogonal Transforms for Digital Signal Processing},
publisher = {Springer-Verlag Berlin Heidelberg},
year      = {1975},
doi       = {10.1007/978-3-642-45450-9},
}

@book{Statistics:Wang2012,
author    = {Wang, R.},
title     = {Introduction to Orthogonal Transforms: With Applications in Data Processing and Analysis},
publisher = {Cambridge University Press},
address   = {Cambridge, UK},
year      = {2012},
doi       = {10.1017/CBO9781139015158},
}

% PRINCIPAL COMPONENT ANALYSIS

@book{Statistics:Dunteman1989,
author    = {Dunteman, G.~H.},
title     = {Principal Components Analysis},
publisher = {Sage Publications, Inc.},
address   = {Newbury Park, California, USA},
year      = {1989},
series    = {Quantitative Applications in the Social Sciences},
number    = {69},
doi       = {10.4135/9781412985475},
}
% journal   = {Sage University Papers},

@book{Statistics:Jackson1991,
author    = {Jackson, J.~E.},
title     = {A User's Guide to Principal Components},
publisher = {John Wiley \& Sons, Inc.},
address   = {Hoboken, New Jersey, USA},
year      = {1991},
series    = {Wiley Series in Probability and Statistics},
doi       = {10.1002/0471725331},
}

@book{Statistics:Jolliffe2002,
author    = {Jolliffe, I.~T.},
title     = {Principal Component Analysis},
publisher = {Springer-Verlag},
address   = {New York},
year      = {2002},
edition   = {2},
series    = {Springer Series in Statistics},
doi       = {10.1007/b98835},
}

@article{Statistics:Abdi:2010,
author    = {Abdi, H. and Williams, L.~J.},
title     = {Principal component analysis},
journal   = WileyInterdisciplinaryReviewsComputationalStatistics,
year      = {2010},
volume    = {2},
number    = {4},
pages     = {433--459},
issn      = {1939-0068},
doi       = {10.1002/wics.101},
publisher = {John Wiley & Sons, Inc.},
}
% journal   = {Wiley Interdisciplinary Reviews: Computational Statistics},


%%%%%%%%%%%%%%%%%%%%%%
% INFORMATION THEORY %
%%%%%%%%%%%%%%%%%%%%%%

% BOOKS

@book{Statistics:Martin1984,
author    = {Martin, N.~F.~G. and England, J.~W.},
title     = {Mathematical Theory of Entropy},
publisher = {Cambridge University Press},
address   = {Cambridge, UK},
year      = {1984},
series    = {Encyclopedia of Mathematics and its Applications},
number    = {12},
doi       = {10.1017/CBO9781107340718},
}

@book{Statistics:Arndt2001,
author    = {Arndt, C.},
title     = {Information Measures: Information and Its Description in Science and Engineering},
publisher = {Springer-Verlag Berlin Heidelberg},
year      = {2001},
doi       = {10.1007/978-3-642-56669-1},
}

@book{Statistics:Cover2006,
author    = {Cover, T.~M. and Thomas, J.~A.},
title     = {Elements of Information Theory},
publisher = {John Wiley \& Sons, Inc.},
address   = {Hoboken, New Jersey, USA},
year      = {2006},
edition   = {2},
doi       = {10.1002/047174882X},
}

@book{Statistics:Gray2011,
author    = {Gray, R.~M.},
title     = {Entropy and Information Theory},
publisher = {Springer},
address   = {New York},
year      = {2011},
edition   = {2},
doi       = {10.1007/978-1-4419-7970-4},
}

@book{Statistics:Singh2013,
author    = {Singh, V.~P.},
title     = {Entropy Theory and its Application in Environmental and Water Engineering},
publisher = {John Wiley \& Sons, Ltd.},
address   = {Chichester, West Sussex, UK},
year      = {2013},
doi       = {10.1002/9781118428306},
}

% ARTICLES

@article{Statistics:Soofi2010,
author    = {Soofi, E.~S. and Zhao, H. and Nazareth, D.~L.},
title     = {Information measures},
journal   = WileyInterdisciplinaryReviewsComputationalStatistics,
year      = {2010},
volume    = {2},
number    = {1},
pages     = {75--86},
issn      = {1939-0068},
doi       = {10.1002/wics.62},
publisher = {John Wiley \& Sons, Inc.},
}
% journal   = {Wiley Interdisciplinary Reviews: Computational Statistics},

@article{Statistics:Ebrahimi2010,
author    = {Ebrahimi, N. and Soofi, E.~S. and Soyer, R.},
title     = {Information Measures in Perspective},
journal   = InternationalStatisticalReview,
year      = {2010},
volume    = {78},
number    = {3},
pages     = {383--412},
issn      = {1751-5823},
doi       = {10.1111/j.1751-5823.2010.00105.x},
publisher = {Blackwell Publishing Ltd},
}
% journal   = {International Statistical Review},

% INFORMATION ENTROPY

@article{Statistics:Shannon1948:a,
author    = {Shannon, C.~E.},
title     = {A mathematical theory of communication},
journal   = TheBellSystemTechnicalJournal,
year      = {1948},
volume    = {27},
number    = {3},
pages     = {379--423},
issn      = {0005-8580},
doi       = {10.1002/j.1538-7305.1948.tb01338.x},
}
% journal   = {The Bell System Technical Journal},

@article{Statistics:Shannon1948:b,
author    = {Shannon, C.~E.},
title     = {A mathematical theory of communication},
journal   = TheBellSystemTechnicalJournal,
year      = {1948},
volume    = {27},
number    = {4},
pages     = {623--656},
issn      = {0005-8580},
doi       = {10.1002/j.1538-7305.1948.tb00917.x},
}
% journal   = {The Bell System Technical Journal},

@article{Statistics:Lesne2014,
author    = {Lesne, A.},
title     = {{S}hannon entropy: a rigorous notion at the crossroads between probability, information theory, dynamical systems and statistical physics},
journal   = MathematicalStructuresinComputerScience,
year      = {2014},
volume    = {24},
number    = {3},
pages     = {1--63},
eid       = {e240311},
issn      = {1469-8072},
doi       = {10.1017/S0960129512000783},
}
% journal   = {Mathematical Structures in Computer Science},
% url       = {http://journals.cambridge.org/article_S0960129512000783},

@article{Statistics:Djafari2015,
author    = {Mohammad-Djafari, A.},
title     = {Entropy, Information Theory, Information Geometry and {B}ayesian Inference in Data, Signal and Image Processing and Inverse Problems},
journal   = Entropy,
year      = {2015},
volume    = {17},
number    = {6},
pages     = {3989--4027},
issn      = {1099-4300},
doi       = {10.3390/e17063989},
}
% journal   = {Entropy},
% url       = {http://www.mdpi.com/1099-4300/17/6/3989},

% KULLBACK-LEIBLER DIVERGENCE

@article{Statistics:Kullback1951,
author    = {Kullback, S. and Leibler, R.~A.},
title     = {On Information and Sufficiency},
journal   = TheAnnalsofMathematicalStatistics,
year      = {1951},
volume    = {22},
number    = {1},
pages     = {79--86},
doi       = {10.1214/aoms/1177729694},
publisher = {The Institute of Mathematical Statistics},
}
% journal   = {The Annals of Mathematical Statistics},

@book{Statistics:Kullback1968,
author    = {Kullback, S.},
title     = {Information Theory and Statistics},
publisher = {Dover Publications, Inc.},
address   = {Mineola, New York, USA},
year      = {1968},
}
% series    = {Dover Books on Mathematics},

% MAXIMUM ENTROPY

@article{Statistics:Jaynes1957:a,
author    = {Jaynes, E.~T.},
title     = {Information Theory and Statistical Mechanics},
journal   = PhysicalReview,
year      = {1957},
volume    = {106},
number    = {4},
pages     = {620--630},
doi       = {10.1103/PhysRev.106.620},
publisher = {American Physical Society},
}
% journal   = {Physical Review},
% url       = {http://link.aps.org/doi/10.1103/PhysRev.106.620},

@article{Statistics:Jaynes1957:b,
author    = {Jaynes, E.~T.},
title     = {Information Theory and Statistical Mechanics. {II}},
journal   = PhysicalReview,
year      = {1957},
volume    = {108},
number    = {2},
pages     = {171--190},
doi       = {10.1103/PhysRev.108.171},
publisher = {American Physical Society},
}
% journal   = {Physical Review},
% url       = {http://link.aps.org/doi/10.1103/PhysRev.108.171},


%%%%%%%%%%%%%%%%%%%%%%%%
% INFORMATION GEOMETRY %
%%%%%%%%%%%%%%%%%%%%%%%%

@book{Statistics:Arwini2008,
author    = {Arwini, K.~A. and Dodson, C.~T.~J.},
title     = {Information Geometry: Near Randomness and Near Independence},
publisher = {Springer-Verlag Berlin Heidelberg},
year      = {2008},
series    = {Lecture Notes in Mathematics},
number    = {1953},
doi       = {10.1007/978-3-540-69393-2},
}

@book{Statistics:Amari2016,
author    = {Amari, S.-i.},
title     = {Information Geometry and Its Applications},
publisher = {Springer Japan},
address   = {Tokyo, Japan},
year      = {2016},
series    = {Applied Mathematical Sciences},
number    = {194},
doi       = {10.1007/978-4-431-55978-8},
}

