

%%%%%%%%%%%%%%
% ELEMENTARY %
%%%%%%%%%%%%%%

% JENSEN'S INEQUALITY

@article{Math:Jensen1906,
author    = {Jensen, J.~L.~W.~V.},
title     = {Sur les fonctions convexes et les in\'{e}galit\'{e}s entre les valeurs moyennes},
journal   = ActaMathematica,
year      = {1906},
volume    = {30},
number    = {1},
pages     = {175--193},
language  = {French},
issn      = {0001-5962},
doi       = {10.1007/BF02418571},
publisher = {Kluwer Academic Publishers},
}
% journal   = {Acta Mathematica},

@article{Math:McShane1937,
author    = {McShane, E.~J.},
title     = {{J}ensen's inequality},
journal   = BulletinoftheAmericanMathematicalSociety,
year      = {1937},
volume    = {43},
number    = {8},
pages     = {521--527},
publisher = {American Mathematical Society},
}
% journal   = {Bulletin of the American Mathematical Society},
% url       = {http://projecteuclid.org/euclid.bams/1183499917},


%%%%%%%%%%%%%%%%%%
% LINEAR ALGEBRA %
%%%%%%%%%%%%%%%%%%

@book{Math:Trefethen1997,
author    = {Trefethen, L.~N. and Bau, D.},
title     = {Numerical Linear Algebra},
publisher = {Society for Industrial and Applied Mathematics (SIAM)},
address   = {Philadelphia, Pennsylvania, USA},
year      = {1997},
}

@book{Math:Harville1997,
author    = {Harville, D.~A.},
title     = {Matrix Algebra From a Statistician's Perspective},
publisher = {Springer},
address   = {New York},
year      = {1997},
doi       = {10.1007/b98818},
}

@book{Math:Searle2006,
author    = {Searle, S.~R.},
title     = {Matrix Algebra Useful for Statistics},
publisher = {John Wiley \& Sons, Inc.},
address   = {Hoboken, New Jersey, USA},
year      = {2006},
series    = {Wiley Series in Probability and Statistics},
}

@book{Math:Gentle2007,
author    = {Gentle, J.~E.},
title     = {Matrix Algebra: Theory, Computations, and Applications in Statistics},
publisher = {Springer},
address   = {New York},
year      = {2007},
series    = {Springer Texts in Statistics},
doi       = {10.1007/978-0-387-70873-7},
}

@book{Math:Ipsen2009,
author    = {Ipsen, I.~C.~F.},
title     = {Numerical Matrix Analysis: Linear Systems and Least Squares},
publisher = {Society for Industrial and Applied Mathematics (SIAM)},
address   = {Philadelphia, Pennsylvania, USA},
year      = {2009},
doi       = {10.1137/1.9780898717686},
}

@book{Math:Golub2013,
author    = {Golub, G.~H. and Van Loan, C.~F.},
title     = {Matrix Computations},
publisher = {The Johns Hopkins University Press},
address   = {Baltimore, Maryland, USA},
year      = {2013},
edition   = {4},
}

@book{Math:Banerjee2014,
author    = {Banerjee, S. and Roy, A.},
title     = {Linear Algebra and Matrix Analysis for Statistics},
publisher = {CRC Press},
address   = {Boca Raton, Florida, USA},
year      = {2014},
series    = {Texts in Statistical Science},
}

@book{Math:Bjorck2015,
author    = {Bj\"{o}rck, \AA{}.},
title     = {Numerical Methods in Matrix Computations},
publisher = {Springer International Publishing},
address   = {Cham, Switzerland},
year      = {2015},
series    = {Texts in Applied Mathematics},
number    = {59},
doi       = {10.1007/978-3-319-05089-8},
}


%%%%%%%%%%%%%%%%%%
% HILBERT SPACES %
%%%%%%%%%%%%%%%%%%

@book{Math:Deutsch2001,
author    = {Deutsch, F.},
title     = {Best Approximation in Inner Product Spaces},
publisher = {Springer},
address   = {New York},
year      = {2001},
series    = {CMS Books in Mathematics},
number    = {7},
doi       = {10.1007/978-1-4684-9298-9},
}

@book{Math:Alabiso2015,
author    = {Alabiso, C. and Weiss, I.},
title     = {A Primer on Hilbert Space Theory: Linear Spaces, Topological Spaces, Metric Spaces, Normed Spaces, and Topological Groups},
publisher = {Springer International Publishing},
address   = {Cham, Switzerland},
year      = {2015},
series    = {UNITEXT for Physics},
doi       = {10.1007/978-3-319-03713-4},
}

@book{Math:Janson1997,
author    = {Janson, S.},
title     = {Gaussian Hilbert Spaces},
publisher = {Cambridge University Press},
address   = {Cambridge, UK},
year      = {1997},
series    = {Cambridge Tracts in Mathematics},
volume    = {129},
doi       = {10.1017/CBO9780511526169},
}


%%%%%%%%%%%%%%%%%%%%%%%%%%%%%%%%%%%%%
% APPROXIMATION AND SPECTRAL THEORY %
%%%%%%%%%%%%%%%%%%%%%%%%%%%%%%%%%%%%%

% SPECTRAL METHODS FOR PDEs

@book{Math:Gottlieb1977,
author    = {Gottlieb, D. and Orszag, S.~A.},
title     = {Numerical Analysis of Spectral Methods: Theory and Applications},
year      = {1977},
publisher = {Society for Industrial and Applied Mathematics (SIAM)},
address   = {Philadelphia, Pennsylvania, USA},
series    = {CBMS-NSF Regional Conference Series in Applied Mathematics},
doi       = {10.1137/1.9781611970425},
}
% url       = {http://epubs.siam.org/doi/abs/10.1137/1.9781611970425},
% eprint    = {http://epubs.siam.org/doi/pdf/10.1137/1.9781611970425},

@book{Math:Mercier1989,
author    = {Mercier, B.},
title     = {An Introduction to the Numerical Analysis of Spectral Methods},
publisher = {Springer-Verlag Berlin Heidelberg},
year      = {1989},
series    = {Lecture Notes in Physics},
number    = {318},
doi       = {10.1007/BFb0020591},
}

@book{Math:Funaro1992,
author    = {Funaro, D.},
title     = {Polynomial Approximation of Differential Equations},
publisher = {Springer-Verlag Berlin Heidelberg},
year      = {1992},
series    = {Lecture Notes in Physics Monographs},
number    = {8},
doi       = {10.1007/978-3-540-46783-0},
}

@book{Math:Boyd2001,
author    = {Boyd, J.~P.},
title     = {Chebyshev and Fourier Spectral Methods},
publisher = {Dover Publications},
address   = {Mineola, New York, USA},
year      = {2001},
edition   = {2},
series    = {Dover Books on Mathematics}
}

@book{Math:Canuto2006,
author    = {Canuto, C. and Hussaini, M.~Y. and Quarteroni, A. and Zang, T.~A.},
title     = {Spectral Methods: Fundamentals in Single Domains},
publisher = {Springer-Verlag Berlin Heidelberg},
year      = {2006},
series    = {Scientific Computation},
doi       = {10.1007/978-3-540-30726-6},
}

@book{Math:Canuto2007,
author    = {Canuto, C. and Hussaini, M.~Y. and Quarteroni, A. and Zang, T.~A.},
title     = {Spectral Methods: Evolution to Complex Geometries and Applications to Fluid Dynamics},
publisher = {Springer-Verlag Berlin Heidelberg},
year      = {2007},
series    = {Scientific Computation},
doi       = {10.1007/978-3-540-30728-0},
}

@book{Math:Kopriva2009,
author    = {Kopriva, D.~A.},
title     = {Implementing Spectral Methods for Partial Differential Equations: Algorithms for Scientists and Engineers},
publisher = {Springer},
address   = {Dordrecht, Netherlands},
year      = {2009},
series    = {Scientific Computation},
doi       = {10.1007/978-90-481-2261-5},
}

@book{Math:Shen2011,
author    = {Shen, J. and Tang, T. and Wang, L.-L.},
title     = {Spectral Methods: Algorithms, Analysis and Applications},
publisher = {Springer-Verlag Berlin Heidelberg},
year      = {2011},
series    = {Springer Series in Computational Mathematics},
volume    = {41},
doi       = {10.1007/978-3-540-71041-7},
}

@book{Math:Shizgal2015,
author    = {Shizgal, B.},
title     = {Spectral Methods in Chemistry and Physics: Applications to Kinetic Theory and Quantum Mechanics},
publisher = {Springer},
address   = {Dordrecht, Netherlands},
year      = {2015},
series    = {Scientific Computation},
doi       = {10.1007/978-94-017-9454-1},
}

% (POLYNOMIAL) APPROXIMATION THEORY

@book{Math:Rivlin1969,
author    = {Rivlin, T.~J.},
title     = {An Introduction to the Approximation of Functions},
publisher = {Blaisdell Publishing Company},
address   = {Waltham, Massachusetts, USA},
year      = {1969},
}

@book{Math:Varga1971,
author    = {Varga, R.~S.},
title     = {Functional Analysis and Approximation Theory in Numerical Analysis},
publisher = {Society for Industrial and Applied Mathematics (SIAM)},
address   = {Philadelphia, Pennsylvania, USA},
year      = {1971},
series    = {CBMS-NSF Regional Conference Series in Applied Mathematics},
number    = {3},
doi       = {10.1137/1.9781611970647},
}

@book{Math:Christensen2004,
author    = {Christensen, O. and Christensen, K.~L.},
title     = {Approximation Theory: From Taylor Polynomials to Wavelets},
publisher = {Birkh\"{a}user},
address   = {Boston, Massachusetts, USA},
year      = {2004},
series    = {Applied and Numerical Harmonic Analysis},
}

@book{Math:Trigub2004,
author    = {Trigub, R.~M. and Belinsky, E.~S.},
title     = {Fourier Analysis and Approximation of Functions},
publisher = {Springer},
address   = {Dordrecht, Netherlands},
year      = {2004},
doi       = {10.1007/978-1-4020-2876-2},
}

@book{Math:DeVilliers2012,
author    = {de Villiers, J.},
title     = {Mathematics of Approximation},
publisher = {Atlantis Press},
address   = {Paris, France},
year      = {2012},
series    = {Mathematics Textbooks for Science and Engineering},
number    = {1},
doi       = {10.2991/978-94-91216-50-3},
}

@book{Math:Trefethen2013,
author    = {Trefethen, L.~N.},
title     = {Approximation Theory and Approximation Practice},
publisher = {Society for Industrial and Applied Mathematics (SIAM)},
address   = {Philadelphia, Pennsylvania, USA},
year      = {2013},
}

% ORTHOGONAL POLYNOMIALS

@book{Math:Chihara1978,
author    = {Chihara, T.~S.},
title     = {An Introduction to Orthogonal Polynomials},
publisher = {Gordon and Breach, Science Publishers, Inc.},
address   = {New York},
year      = {1978},
series    = {Dover Books on Mathematics},
}

@book{Math:Stahl1992,
author    = {Stahl, H. and Totik, V.},
title     = {General Orthogonal Polynomials},
publisher = {Cambridge University Press},
address   = {Cambridge, UK},
year      = {1992},
series    = {Encyclopedia of Mathematics and its Applications},
number    = {43},
doi       = {10.1017/CBO9780511759420},
}

@book{Math:Gautschi2004,
author    = {Gautschi, W.},
title     = {Orthogonal Polynomials: Computation and Approximation},
publisher = {Oxford University Press},
address   = {Oxford, UK},
year      = {2004},
series    = {Numerical Mathematics and Scientific Computation},
}

@article{Math:Gautschi1996,
author    = {Gautschi, W.},
title     = {Orthogonal polynomials: applications and computation},
journal   = ActaNumerica,
year      = {1996},
volume    = {5},
pages     = {45--119},
issn      = {1474-0508},
doi       = {10.1017/S0962492900002622},
}
% journal   = {Acta Numerica},
% url       = {http://journals.cambridge.org/article_S0962492900002622},

@book{Math:Jackson2004,
author    = {Jackson, D.},
title     = {Fourier Series and Orthogonal Polynomials},
publisher = {Dover Publications, Inc.},
address   = {Mineola, New York, USA},
year      = {2004},
series    = {Dover Books on Mathematics},
doi       = {10.5948/upo9781614440062.008},
}

@book{Math:Dunkl2014,
author    = {Dunkl, C.~F. and Xu, Y.},
title     = {Orthogonal Polynomials of Several Variables},
publisher = {Cambridge University Press},
address   = {Cambridge, UK},
year      = {2014},
edition   = {2},
series    = {Encyclopedia of Mathematics and its Applications},
number    = {155},
doi       = {10.1017/CBO9781107786134},
}

% ARTICLES

@article{Math:DeVore1998,
author    = {DeVore, R.~A.},
title     = {Nonlinear approximation},
journal   = ActaNumerica,
year      = {1998},
volume    = {7},
pages     = {51--150},
issn      = {1474-0508},
doi       = {10.1017/S0962492900002816},
}
% journal   = {Acta Numerica},
% url       = {http://journals.cambridge.org/article_S0962492900002816},


%%%%%%%%%%%%%%%%%%%%%%%%%%%%%%%%%%
% PARTIAL DIFFERENTIAL EQUATIONS %
%%%%%%%%%%%%%%%%%%%%%%%%%%%%%%%%%%

% REDUCED BASIS

@book{Math:Quarteroni2016,
author    = {Quarteroni, A. and Manzoni, A. and Negri, F.},
title     = {Reduced Basis Methods for Partial Differential Equations: An Introduction},
publisher = {Springer International Publishing},
address   = {Cham, Switzerland},
year      = {2016},
series    = {UNITEXT},
number    = {92},
doi       = {10.1007/978-3-319-15431-2},
}

@book{Math:Hesthaven2016,
author    = {Hesthaven, J.~S and Rozza, G. and Stamm, B.},
title     = {Certified Reduced Basis Methods for Parametrized Partial Differential Equations},
publisher = {Springer},
address   = {Cham, Switzerland},
year      = {2016},
series    = {SpringerBriefs in Mathematics},
doi       = {10.1007/978-3-319-22470-1},
}


%%%%%%%%%%%%%%%%%%%%%%
% INFORMATION THEORY %
%%%%%%%%%%%%%%%%%%%%%%

@article{Math:Kullback1951,
author    = {Kullback, S. and Leibler, R.~A.},
title     = {On Information and Sufficiency},
journal   = TheAnnalsofMathematicalStatistics,
year      = {1951},
volume    = {22},
number    = {1},
pages     = {79--86},
doi       = {10.1214/aoms/1177729694},
publisher = {The Institute of Mathematical Statistics},
}
% journal   = {The Annals of Mathematical Statistics},


%%%%%%%%%%%%%%%%%%%%%%%
% ASYMPTOTIC ANALYSIS %
%%%%%%%%%%%%%%%%%%%%%%%

@book{Math:Bleistein1986,
author    = {Bleistein, N. and Handelsman, R.~A.},
title     = {Asymptotic Expansions of Integrals},
publisher = {Dover Publications, Inc.},
address   = {Mineola, New York, USA},
year      = {1986},
}

@book{Math:Wong1989,
author    = {Wong, R.},
title     = {Asymptotic Approximations of Integrals},
publisher = {Academic Press, Inc.},
address   = {San Diego, California, USA},
year      = {1989},
series    = {Computer Science and Scientific Computing},
doi       = {10.1016/c2013-0-07651-7},
}

@book{Math:Wong2001,
author    = {Wong, R.},
title     = {Asymptotic Approximations of Integrals},
publisher = {Society for Industrial and Applied Mathematics (SIAM)},
address   = {Philadelphia, Pennsylvania, USA},
year      = {2001},
series    = {Classics in Applied Mathematics},
number    = {34},
doi       = {10.1137/1.9780898719260},
}

@book{Math:Miller2006,
author    = {Miller, P.~D.},
title     = {Applied Asymptotic Analysis},
publisher = {American Mathematical Society (AMS)},
address   = {Providence, Rhode Island, USA},
year      = {2006},
series    = {Graduate Studies in Mathematics},
number    = {75},
doi       = {10.1090/gsm/075},
}

@book{Math:Paulsen2014,
author    = {Paulsen, W.},
title     = {Asymptotic Analysis and Perturbation Theory},
publisher = {CRC Press},
address   = {Boca Raton, Florida, USA},
year      = {2014},
doi       = {10.1201/b15165},
}

@book{Math:Temme2015,
author    = {Temme, N.~M.},
title     = {Asymptotic Methods for Integrals},
publisher = {World Scientific Publishing Co. Pte. Ltd.},
address   = {Singapore},
year      = {2015},
series    = {Series in Analysis},
number    = {6},
doi       = {10.1142/9195},
}

