

%%%%%%%%%
% BOOKS %
%%%%%%%%%

@book{Computing:Press2007,
author    = {Press, W.~H. and Teukolsky, S.~A. and Vetterling, W.~T. and Flannery, B.~P.},
title     = {Numerical Recipes: The Art Of Scientific Computing},
publisher = {Cambridge University Press},
address   = {Cambridge, UK},
year      = {2007},
edition   = {3},
}

@book{Computing:Barrett1994,
author    = {Barrett, R. and Berry, M. and Chan, T.~F. and Demmel, J. and Donato, J. and Dongarra, J. and Eijkhout, V. and Pozo, R. and Romine, C. and van der Vorst, H.},
title     = {Templates for The Solution of Linear Sytems: Building Blocks for Iterative Methods},
publisher = {Society for Industrial and Applied Mathematics (SIAM)},
address   = {Philadelphia, Pennsylvania, USA},
year      = {1994},
edition   = {2},
doi       = {10.1137/1.9781611971538},
}
% url       = {http://www.netlib.org/linalg/html_templates/Templates.html},

@book{Computing:Altman2015,
author    = {Altman, Y.},
title     = {Accelerating MATLAB Performance: 1001 tips to speed up MATLAB programs},
publisher = {CRC Press},
address   = {Boca Raton, Florida, USA},
year      = {2015},
}

% NUMERICAL ANALYSIS

@book{Computing:Higham2002,
author    = {Higham, N.~J.},
title     = {Accuracy and Stability of Numerical Algorithms},
publisher = {Society for Industrial and Applied Mathematics (SIAM)},
address   = {Philadelphia, Pennsylvania, USA},
year      = {2002},
edition   = {2},
doi       = {10.1137/1.9780898718027},
}

@book{Computing:Deuflhard2003,
author    = {Deuflhard, P. and Hohmann, A.},
title     = {Numerical Analysis in Modern Scientific Computing: An Introduction},
publisher = {Springer},
address   = {New York},
year      = {2003},
edition   = {2},
series    = {Texts in Applied Mathematics},
number    = {43},
doi       = {10.1007/978-0-387-21584-6},
}

@book{Computing:Ryabenkii2007,
author    = {Ryaben'kii, V.~S. and Tsynkov, S.~V.},
title     = {A Theoretical Introduction to Numerical Analysis},
publisher = {Chapman \& Hall/CRC},
address   = {Boca Raton, Florida, USA},
year      = {2007},
}

@book{Computing:Quarteroni2007,
author    = {Quarteroni, A. and Sacco, R. and Saleri, F.},
title     = {Numerical Mathematics},
publisher = {Springer Berlin Heidelberg},
year      = {2007},
edition   = {2},
series    = {Texts in Applied Mathematics},
number    = {37},
doi       = {10.1007/b98885},
}

% HIGH PERFORMANCE COMPUTING

@book{Computing:Adeli1999,
author    = {Adeli, H. and Soegiarso, R.},
title     = {High Performance Computing in Structural Engineering},
publisher = {CRC Press},
address   = {Boca Raton, Florida, USA},
year      = {1999},
series    = {CRC Series on Computer-Aided Engineering},
}

@book{Computing:Jamshed2015,
author    = {Jamshed, S.},
title     = {Using HPC for Computational Fluid Dynamics: A Guide to High Performance Computing for CFD Engineers},
publisher = {Academic Press},
address   = {Waltham, Massachusetts, USA},
year      = {2015},
doi       = {10.1016/c2014-0-00508-4},
}

@book{Computing:Yoshimura2016,
editor    = {Yoshimura, S. and Hori, M. and Ohsaki, M.},
title     = {High-Performance Computing for Structural Mechanics and Earthquake/Tsunami Engineering},
publisher = {Springer International Publishing},
address   = {Cham, Switzerland},
year      = {2016},
series    = {Springer Tracts in Mechanical Engineering},
doi       = {10.1007/978-3-319-21048-3},
}


%%%%%%%%%%%%%%%%%%%%%%
% CONJUGATE GRADIENT %
%%%%%%%%%%%%%%%%%%%%%%

@book{Computing:Kelley1995,
author    = {Kelley, C.~T.},
title     = {Iterative Methods for Linear and Nonlinear Equations},
publisher = {Society for Industrial and Applied Mathematics (SIAM)},
address   = {Philadelphia, Pennsylvania, USA},
year      = {1995},
series    = {Frontiers in Applied Mathematics},
number    = {16},
doi       = {10.1137/1.9781611970944},
}
% url       = {http://www.siam.org/books/textbooks/fr16_book.pdf},

@book{Computing:Saad2003,
author    = {Saad, Y.},
title     = {Iterative Methods for Sparse Linear System},
publisher = {Society for Industrial and Applied Mathematics (SIAM)},
address   = {Philadelphia, Pennsylvania, USA},
year      = {2003},
edition   = {2},
doi       = {10.1137/1.9780898718003},
}
% url       = {http://www-users.cs.umn.edu/~saad/books.html},

@book{Computing:Meurant2006,
author    = {Meurant, G.},
title     = {The Lanczos and Conjugate Gradient Algorithms: From Theory to Finite Precision Computations},
publisher = {Society for Industrial and Applied Mathematics (SIAM)},
address   = {Philadelphia, Pennsylvania, USA},
year      = {2006},
series    = {Software, Environments, and Tools},
doi       = {10.1137/1.9780898718140},
}

@book{Computing:Burden2010,
author    = {Burden, R.~L. and Faires, J.~D.},
title     = {Numerical Analysis},
publisher = {Brooks Cole},
year      = {2010},
edition   = {9},
}


%%%%%%%%%%%%
% ARTICLES %
%%%%%%%%%%%%

%%%%%%%%%%%%%%%%%%%%%%%%%%%%%%%%%%%%%%%
% COMPUTING FRAMEWORKS & ENVIRONMENTS %
%%%%%%%%%%%%%%%%%%%%%%%%%%%%%%%%%%%%%%%

% HIERARCHICAL MODELING

@manual{Computing:Stan2014,
title        = {Stan Modeling Language: User's Guide and Reference Manual},
organization = {Stan Development Team},
edition      = {2.5.0},
year         = {2014},
}
% author       = {Stan Development Team},

@article{Computing:Carpenter2017,
author    = {Carpenter, B. and Gelman, A. and Hoffman, M.~D. and Lee, D. and Goodrich, B. and Betancourt, M. and Brubaker, M.~A. and Guo, J. and Li, P. and Riddell, A.},
title     = {Stan: {A} Probabilistic Programming Language},
journal   = JournalofStatisticalSoftware,
year      = {2017},
volume    = {76},
number    = {1},
pages     = {1--32},
issn      = {1548-7660},
doi       = {10.18637/jss.v076.i01},
}
% journal   = {Journal of Statistical Software},
% url       = {https://www.jstatsoft.org/index.php/jss/article/view/v076i01},

@book{Computing:Kery2010,
author    = {K\'{e}ry, M.},
title     = {Introduction to WinBUGS for Ecologists: Bayesian approach to regression, ANOVA, mixed models and related analyses},
publisher = {Academic Press},
address   = {Burlington, Massachusetts, USA},
year      = {2010},
}

@book{Computing:Kery2012,
author    = {K\'{e}ry, M. and Schaub, M.},
title     = {Bayesian Population Analysis using WinBUGS: A hierarchical perspective},
publisher = {Academic Press},
address   = {Waltham, Massachusetts, USA},
year      = {2012},
}

@book{Computing:Lunn2013,
author    = {Lunn, D. and Jackson, C. and Best, N. and Thomas, A. and Spiegelhalter, D.},
title     = {The BUGS Book: A Practical Introduction to Bayesian Analysis},
publisher = {Chapman \& Hall/CRC},
address   = {Boca Raton, Florida, USA},
year      = {2013},
series    = {Texts in Statistical Science},
}

@article{Computing:Lunn2009,
author    = {Lunn, D. and Spiegelhalter, D. and Thomas, A. and Best, N.},
title     = {The {BUGS} project: {E}volution, critique and future directions},
journal   = StatisticsinMedicine,
year      = {2009},
volume    = {28},
number    = {25},
pages     = {3049--3067},
issn      = {1097-0258},
doi       = {10.1002/sim.3680},
publisher = {John Wiley \& Sons, Ltd.},
}
% journal   = {Statistics in Medicine},

% UNCERTAINTY QUANTIFICATION

@inproceedings{Computing:Hall2014:Conf,
author    = {Hall, J. and Freer, J. and Wagener, T. and Pianosi, F. and Rougier, J.},
title     = {Sensitivity Analysis of Environmental Models: {A} Systematic Review with Practical Workflow},
booktitle = {ASCE-ICVRAM-ISUMA 2014},
year      = {2014},
month     = jul#{~13-16},
address   = {Liverpool, UK},
}

@incollection{Computing:Hall2014:Proc,
author    = {Hall, J. and Freer, J. and Wagener, T. and Pianosi, F. and Rougier, J.},
title     = {Sensitivity Analysis of Environmental Models: {A} Systematic Review with Practical Workflow},
booktitle = {Vulnerability, Uncertainty, and Risk: Quantification, Mitigation, and Management},
editor    = {Beer, M. and Au, S.-K. and Hall, J.~W.},
publisher = {American Society of Civil Engineers (ASCE)},
year      = {2014},
chapter   = {30},
pages     = {290--299},
doi       = {10.1061/9780784413609.030},
}
% url       = {http://ascelibrary.org/doi/abs/10.1061/9780784413609.030},
% eprint    = {http://ascelibrary.org/doi/pdf/10.1061/9780784413609.030},

@article{Computing:Feinberg2015,
author    = {Feinberg, J. and Langtangen, H.~P.},
title     = {Chaospy: {A}n open source tool for designing methods of uncertainty quantification},
journal   = JournalofComputationalScience,
year      = {2015},
volume    = {11},
pages     = {46--57},
issn      = {1877-7503},
doi       = {10.1016/j.jocs.2015.08.008},
}
% journal   = {Journal of Computational Science},
% url       = {http://www.sciencedirect.com/science/article/pii/S1877750315300119},

@article{Computing:Hunt2015,
author    = {Hunt, M. and Haley, B. and McLennan, M. and Koslowski, M. and Murthy, J. and Strachan, A.},
title     = {{PUQ}: {A} code for non-intrusive uncertainty propagation in computer simulations},
journal   = ComputerPhysicsCommunications,
year      = {2015},
volume    = {194},
pages     = {97--107},
issn      = {0010-4655},
doi       = {10.1016/j.cpc.2015.04.011},
}
% journal   = {Computer Physics Communications},
% url       = {http://www.sciencedirect.com/science/article/pii/S0010465515001435},

% UQLAB

@inproceedings{Computing:Marelli2013:Conf,
author    = {Marelli, S. and Sudret, B.},
title     = {Ingredients for an innovative uncertainty quantification platform in \textsc{Matlab}},
booktitle = {11th International Probabilistic Workshop (IPW11)},
year      = {2013},
month     = nov#{~6-8},
address   = {Brno, Czech Republic},
editor    = {Nov\'{a}k, D. and Vo\v{r}echovsk\'{y}, M.},
pages     = {263--274},
}

@incollection{Computing:Marelli2013:Proc,
author    = {Marelli, S. and Sudret, B.},
title     = {Ingredients for an innovative uncertainty quantification platform in \textsc{Matlab}},
booktitle = {11th International Probabilistic Workshop (IPW11)},
year      = {2013},
publisher = {Litera},
address   = {Brno, Czech Republic},
editor    = {Nov\'{a}k, D. and Vo\v{r}echovsk\'{y}, M.},
pages     = {263--274},
}

@inproceedings{Computing:Marelli2014:Conf,
author    = {Marelli, S. and Sudret, B.},
title     = {\textsc{UQLab}: A Framework for Uncertainty Quantification in \textsc{Matlab}},
booktitle = {ASCE-ICVRAM-ISUMA 2014},
year      = {2014},
month     = jul#{~13-16},
address   = {Liverpool, UK},
}

@incollection{Computing:Marelli2014:Proc,
author    = {Marelli, S. and Sudret, B.},
title     = {\textsc{UQLab}: {A} Framework for Uncertainty Quantification in \textsc{Matlab}},
booktitle = {2nd International Conference on Vulnerability, Uncertainty, and Risk: Quantification, Mitigation, and Management (ICVRAM-ISUMA 2014)},
editor    = {Beer, M. and Au, S.-K. and Hall, J.~W.},
publisher = {American Society of Civil Engineers (ASCE)},
address   = {Reston, Virginia, USA},
year      = {2014},
chapter   = {257},
pages     = {2554--2563},
doi       = {10.1061/9780784413609.257},
}
% booktitle = {Vulnerability, Uncertainty, and Risk: Quantification, Mitigation, and Management},
% url       = {http://ascelibrary.org/doi/abs/10.1061/9780784413609.257},
% eprint    = {http://ascelibrary.org/doi/pdf/10.1061/9780784413609.257},

@techreport{Computing:Uqlab2015:Report09104,
author      = {Marelli, S. and Sudret, B.},
title       = {UQLab User Manual: Polynomial Chaos Expansions},
institution = {Chair of Risk, Safety \& Uncertainty Quantification, ETH Z\"{u}rich},
year        = {2015},
note        = {Report \# UQLab-V0.9-104},
}

@manual{Computing:Uqlab2015:Manual09104,
author       = {Marelli, S. and Sudret, B.},
title        = {UQLab User Manual: Polynomial Chaos Expansions},
organization = {Chair of Risk, Safety \& Uncertainty Quantification, ETH Z\"{u}rich},
version      = {0.9-104},
year         = {2015},
}
% edition      = {0.9-104},

@techreport{Computing:Uqlab2015:Report09106,
author      = {Marelli, S. and Sudret, B.},
title       = {UQLab User Manual: Sensitivity Analysis},
institution = {Chair of Risk, Safety \& Uncertainty Quantification, ETH Z\"{u}rich},
year        = {2015},
note        = {Report \# UQLab-V0.9-106},
}

@manual{Computing:Uqlab2015:Manual09106,
author       = {Marelli, S. and Lamas, C. and Sudret, B.},
title        = {UQLab User Manual: Sensitivity Analysis},
organization = {Chair of Risk, Safety \& Uncertainty Quantification, ETH Z\"{u}rich},
version      = {0.9-106},
year         = {2015},
}
% edition      = {0.9-106},

% DERIVATIVES

@article{Computing:Martins2013,
author    = {Martins, J.~R.~R.~A. and Hwang, J.~T.},
title     = {Review and Unification of Methods for Computing Derivatives of Multidisciplinary Computational Models},
journal   = AIAAJournal,
year      = {2013},
volume    = {51},
number    = {11},
pages     = {2582--2599},
issn      = {0001-1452},
doi       = {10.2514/1.J052184},
publisher = {American Institute of Aeronautics and Astronautics (AIAA)},
}
% journal   = {AIAA Journal},

