

%%%%%%%%%%%
% PHYSICS %
%%%%%%%%%%%
@string{Science                                                                               = {Science}}
@string{NaturePhysics                                                                         = {Nat. Phys.}}
@string{Entropy                                                                               = {Entropy}}
@string{PMCPhysicsA                                                                           = {PMC Phys. A}}
@string{JournalofComputationalPhysics                                                         = {J. Comput. Phys.}}
@string{CommunicationsinComputationalPhysics                                                  = {Commun. Comput. Phys.}}
@string{ComputerPhysicsCommunications                                                         = {Comput. Phys. Commun.}}
@string{PhysicsLettersB                                                                       = {Phys. Lett. B}}
@string{PhysicalReviewB                                                                       = {Phys. Rev. B}}
@string{PhysicalReviewD                                                                       = {Phys. Rev. D}}
@string{PhysicalReviewE                                                                       = {Phys. Rev. E}}
@string{PhysicalReviewLetters                                                                 = {Phys. Rev. Lett.}}
@string{PhysicalReview                                                                        = {Phys. Rev.}}
@string{PhysicaDNonlinearPhenomena                                                            = {Physica D}}
@string{JournalofPhysicsGNuclearandParticlePhysics                                            = {J. Phys. G: Nucl. Part. Phys.}}
@string{ReviewsofModernPhysics                                                                = {Rev. Mod. Phys.}}
@string{ReportsonProgressinPhysics                                                            = {Rep. Prog. Phys.}}
@string{JournalofGeophysics                                                                   = {J. Geophys.}}
@string{JournalofAppliedGeophysics                                                            = {J. Appl. Geophys.}}
@string{JournalofGeophysicalResearchOceans                                                    = {J. Geophys. Res. C: Oceans}}
@string{JournalofGeophysicalResearchAtmospheres                                               = {J. Geophys. Res. D: Atmospheres}}
@string{GeophysicalJournalInternational                                                       = {Geophys. J. Int.}}
@string{Geophysics                                                                            = {Geophys.}}
@string{GeophysicalResearchLetters                                                            = {Geophys. Res. Lett.}}
@string{InternationalJournalofChemicalKinetics                                                = {Int. J. Chem. Kinet.}}
@string{TheJournalofChemicalPhysics                                                           = {J. Chem. Phys.}}
@string{TheJournalofPhysicalChemistryA                                                        = {J. Phys. Chem. A}}
@string{JournalofMathematicalChemistry                                                        = {J. Math. Chem.}}
@string{JournalofMathematicalPhysics                                                          = {J. Math. Phys.}}
@string{JournalofStatisticalPhysics                                                           = {J. Stat. Phys.}}
@string{InternationalJournalofHeatandMassTransfer                                             = {Int. J. Heat Mass Transfer}}
@string{HeatTransferEngineering                                                               = {Heat Transfer Eng.}}
@string{JournalofHeatTransfer                                                                 = {J. Heat Transfer}}
@string{NumericalHeatTransferPartAApplications                                                = {Numer. Heat Transfer, Part A}}
@string{NumericalHeatTransferPartBFundamentals                                                = {Numer. Heat Transfer, Part B}}
@string{InternationalJournalofNumericalMethodsforHeatandFluidFlow                             = {Int. J. Numer. Methods Heat Fluid Flow}}
@string{MonthlyNoticesoftheRoyalAstronomicalSociety                                           = {Mon. Not. R. Astron. Soc.}}
@string{MultiscaleModelingSimulation                                                          = {Multiscale Model. Simul.}}
@string{JournalofComputationalDynamics                                                        = {J. Comput. Dyn.}}
@string{AnnualReviewofFluidMechanics                                                          = {Annu. Rev. Fluid Mech.}}
@string{JournalofFluidsEngineering                                                            = {J. Fluids Eng.}}
@string{InternationalJournalforNumericalMethodsinFluids                                       = {Int. J. Numer. Meth. Fluids}}
@string{ClassicalandQuantumGravity                                                            = {Class. Quantum Grav.}}
@string{JournalofPhysicsConferenceSeries                                                      = {J. Phys. Conf. Ser.}}
@string{AIPConferenceProceedings                                                              = {AIP Conf. Proc.}}
@string{NonlinearAnalysisRealWorldApplications                                                = {Nonlinear Anal. Real World Appl.}}
@string{NuclearInstrumentsandMethodsinPhysicsResearchA                                        = {Nucl. Instrum. Methods Phys. Res. A}}


%%%%%%%%%%%%%%%
% GEOSCIENCES %
%%%%%%%%%%%%%%%
@string{MonthlyWeatherReview                                                                  = {Mon. Weather Rev.}}
@string{QuarterlyJournaloftheRoyalMeteorologicalSociety                                       = {Q. J. R. Meteorolog. Soc.}}
@string{ComputersGeosciences                                                                  = {Comput. Geosci.}}
@string{ComputationalGeosciences                                                              = {Comput. Geosci.}}
@string{EnvironmentalModellingSoftware                                                        = {Environ. Modell. Software}}
@string{HydrologyandEarthSystemSciences                                                       = {Hydrol. Earth Syst. Sci.}}
@string{HydrologyResearch                                                                     = {Hydrol. Res.}}
@string{JournalofHydrology                                                                    = {J. Hydrol.}}
@string{AdvancesinWaterResources                                                              = {Adv. Water Resour.}}
@string{WaterResourcesResearch                                                                = {Water Resour. Res.}}
@string{StochasticEnvironmentalResearchandRiskAssessment                                      = {Stochastic Environ. Res. Risk Assess.}}
@string{Environmetrics                                                                        = {Environmetrics}}
@string{WaterScienceandTechnology                                                             = {Water Sci. Technol.}}
@string{PhysicsandChemistryoftheEarth                                                         = {Phys. Chem. Earth.}}
@string{WaterAirSoilPollution                                                                 = {Water Air Soil Pollut.}}


%%%%%%%%%%%%%%
% STATISTICS %
%%%%%%%%%%%%%%
@string{ComputationalStatisticsDataAnalysis                                                   = {Comput. Stat. Data Anal.}}
@string{JournaloftheRoyalStatisticalSocietySeriesAStatisticsinSociety                         = {J. R. Stat. Soc. Ser. A}}
@string{JournaloftheRoyalStatisticalSocietySeriesBStatisticalMethodology                      = {J. R. Stat. Soc. Ser. B}}
@string{JournaloftheRoyalStatisticalSocietySeriesCAppliedStatistics                           = {J. R. Stat. Soc. Ser. C}}
@string{JournaloftheRoyalStatisticalSocietySeriesDTheStatistician                             = {J. R. Stat. Soc. Ser. D}}
@string{JournaloftheRoyalStatisticalSocietySeriesBMethodological                              = {J. R. Stat. Soc. Ser. B}}
@string{TheAmericanStatistician                                                               = {Am. Stat.}}
@string{JournaloftheAmericanStatisticalAssociation                                            = {J. Am. Stat. Assoc.}}
@string{StatisticalScience                                                                    = {Stat. Sci.}}
@string{BritishJournalofMathematicalandStatisticalPsychology                                  = {Br. J. Math. Stat. Psychol.}}
@string{JournalofComputationalandGraphicalStatistics                                          = {J. Comp. Graph. Stat.}}
@string{StatisticsinMedicine                                                                  = {Stat. Med.}}
@string{StatisticsProbabilityLetters                                                          = {Stat. Prob. Lett.}}
@string{StatisticaSinica                                                                      = {Stat. Sinica}}
@string{SpatialStatistics                                                                     = {Spatial Stat.}}
@string{CanadianJournalofStatistics                                                           = {Can. J. Stat.}}
@string{TheAnnalsofStatistics                                                                 = {Ann. Stat.}}
@string{TheAnnalsofMathematicalStatistics                                                     = {Ann. Math. Stat.}}
@string{TheAnnalsofAppliedStatistics                                                          = {Ann. Appl. Stat.}}
@string{TheAnnalsofAppliedProbability                                                         = {Ann. Appl. Probab.}}
@string{TrabajosdeEstadisticaYdeInvestigacionOperativa                                        = {Trabajos de Estad\'{i}stica}}
@string{JournalofEducationalStatistics                                                        = {J. Educ. Stat.}}
@string{JournalofEducationalandBehavioralStatistics                                           = {J. Educ. Behav. Stat.}}
@string{ReviewofEducationalResearch                                                           = {Rev. Educ. Res.}}
@string{JournalofAgriculturalBiologicalandEnvironmentalStatistics                             = {J. Agric. Biol. Environ. Stat.}}
@string{Biometrika                                                                            = {Biometrika}}
@string{Biometrics                                                                            = {Biometrics}}
@string{Metrika                                                                               = {Metrika}}
@string{Technometrics                                                                         = {Technometrics}}
@string{JournalofEconometrics                                                                 = {J. Econometrics}}
@string{JournalofAppliedEconometrics                                                          = {J. Appl. Econometrics}}
@string{Econometrica                                                                          = {Econometrica}}
@string{SankhyaTheIndianJournalofStatisticsSeriesA                                            = {Sankhya Ser. A}}
@string{StatisticsandComputing                                                                = {Stat. Comput.}}
@string{StatisticalModelling                                                                  = {Stat. Model.}}
@string{JournalofMultivariateAnalysis                                                         = {J. Multivar. Anal.}}
@string{JournalofStatisticalPlanningandInference                                              = {J. Stat. Plan. Inference}}
@string{InternationalStatisticalReview                                                        = {Int. Stat. Rev.}}
@string{JournaloftheItalianStatisticalSociety                                                 = {J. Ital. Stat. Soc.}}
@string{JournaloftheAustralianMathematicalSocietySeriesA                                      = {J. Aust. Math. Soc. Ser. A}}
@string{StatisticalPapers                                                                     = {Stat. Pap.}}
@string{StatisticsSurveys                                                                     = {Stat. Surv.}}
@string{StatisticalMethodology                                                                = {Stat. Method.}}
@string{JournalofStatisticalComputationandSimulation                                          = {J. Stat. Comput. Simul.}}
@string{ScandinavianJournalofStatistics                                                       = {Scand. J. Stat.}}
@string{AnnualReviewofStatisticsandItsApplication                                             = {Annu. Rev. Stat. Appl.}}
@string{ElectronicJournalofStatistics                                                         = {Electron. J. Stat.}}
@string{WileyInterdisciplinaryReviewsComputationalStatistics                                  = {Wiley Interdiscip. Rev. Comput. Stat.}}
@string{CommunicationsinStatisticsTheoryandMethods                                            = {Commun. Stat. Theory Methods}}
@string{StatisticsAJournalofTheoreticalandAppliedStatistics                                   = {Stat.: J. Theor. Appl. Stat.}}
@string{StatisticaNeerlandica                                                                 = {Stat. Neerl.}}
@string{JournalofStatisticalSoftware                                                          = {J. Stat. Software}}
% Bayesian
@string{BayesianAnalysis                                                                      = {Bayesian Anal.}}
% Probability
@string{StochasticProcessesandtheirApplications                                               = {Stoch. Proc. Appl.}}
@string{Bernoulli                                                                             = {Bernoulli}}
@string{ProbabilitySurveys                                                                    = {Probab. Surv.}}
@string{MethodologyAndComputingInAppliedProbability                                           = {Method. Comput. Appl. Probab.}}
% Graphical
@string{NeuralNetworks                                                                        = {Neural Networks}}
% Medicine
@string{ArtificialIntelligenceinMedicine                                                      = {Artif. Intell. Med.}}
% Measurements
@string{MeasurementScienceandTechnology                                                       = {Meas. Sci. Technol.}}
@string{Measurement                                                                           = {Meas.}}
@string{Metrologia                                                                            = {Metrologia}}
% Machine Learning
@string{ArtificialIntelligenceReview                                                          = {Artif. Intell. Rev.}}
@string{MachineLearning                                                                       = {Mach. Learn.}}
@string{JournalofMachineLearningResearch                                                      = {J. Mach. Learn. Res.}}
@string{FoundationsandTrendsinMachineLearning                                                 = {Found. Trends Mach. Learn.}}
@string{IEEETransactionsonPatternAnalysisandMachineIntelligence                               = {IEEE Trans. Pattern Anal. Mach. Intell.}}
@string{Neurocomputing                                                                        = {Neurocomput.}}
% Misc
@string{ComputationalStatistics                                                               = {Comput. Stat.}}
@string{Test                                                                                  = {Test}}
@string{SignalProcessing                                                                      = {Signal Process.}}
@string{DigitalSignalProcessing                                                               = {Digital Signal Process.}}
@string{Significance                                                                          = {Significance}}
@string{LifetimeDataAnalysis                                                                  = {Lifetime Data Anal.}}


%%%%%%
% UQ %
%%%%%%
@string{InternationalJournalforUncertaintyQuantification                                      = {Int. J. Uncertainty Quantification}}
@string{SIAMASAJournalonUncertaintyQuantification                                             = {SIAM/ASA J. Uncertainty Quantification}}
@string{ASCEASMEJournalofRiskandUncertaintyinEngineeringSystemsPartACivilEngineering          = {ASCE-ASME J. Risk Uncertainty Eng. Syst., Part A: Civ. Eng.}}
@string{JournalofVerificationValidationandUncertaintyQuantification                           = {J. Verif. Valid. Uncertainty Quantification}}


%%%%%%%%%%%%%%%
% ENGINEERING %
%%%%%%%%%%%%%%%
% Reliability & Safety & Risk
@string{ReliabilityEngineeringSystemSafety                                                    = {Reliab. Eng. Syst. Saf.}}
@string{StructuralSafety                                                                      = {Struct. Saf.}}
@string{InternationalJournalofReliabilityandSafety                                            = {Int. J. Reliab. Saf.}}
@string{GeoriskAssessmentandManagementofRiskforEngineeredSystemsandGeohazards                 = {Georisk}}
@string{AccidentAnalysisPrevention                                                            = {Accid. Anal. Prev.}}
@string{JournalofCivilStructuralHealthMonitoring                                              = {J. Civil Struct. Health Monit.}}
@string{StructuralControlandHealthMonitoring                                                  = {Struct. Control. Health Monit.}}
@string{StructuralHealthMonitoring                                                            = {Struct. Health Monit.}}
@string{RiskAnalysis                                                                          = {Risk Anal.}}
@string{NaturalHazards                                                                        = {Nat. Hazards}}
@string{InternationalJournalofRiskAssessmentandManagement                                     = {Int. J. Risk Assess. Manage.}}
% Civil Engineering
@string{EngineeringStructures                                                                 = {Eng. Struct.}}
@string{CanadianJournalofCivilEngineering                                                     = {Can. J. Civ. Eng.}}
@string{CivilEngineeringandEnvironmentalSystems                                               = {Civ. Eng. Environ. Syst.}}
% Mechanical Engineering
@string{JournalofEngineeringMechanics                                                         = {J. Eng. Mech.}}
@string{JournalofStructuralEngineering                                                        = {J. Struct. Eng.}}
@string{ProbabilisticEngineeringMechanics                                                     = {Probab. Eng. Mech.}}
@string{JournalofSoundandVibration                                                            = {J. Sound Vib.}}
@string{EngineeringMechanics                                                                  = {Eng. Mech.}}
@string{MechanicalSystemsandSignalProcessing                                                  = {Mech. Syst. Sig. Process.}}
@string{EuropeanJournalofComputationalMechanics                                               = {Eur. J. Comput. Mech.}}
@string{ComptesRendusMecanique                                                                = {C. R. M\'{e}canique}}
@string{ComptesRendusMathematique                                                             = {C. R. Mathematique}}
@string{JournalofDynamicSystemsMeasurementandControl                                          = {J. Dyn. Syst. Meas. Contr.}}
@string{InternationalJournalofControl                                                         = {Int. J. Control}}
@string{JournalofBasicEngineering                                                             = {J. Basic Eng.}}
@string{ArchivesofMechanics                                                                   = {Arch. Mech.}}
@string{EngineeringFractureMechanics                                                          = {Eng. Fract. Mech.}}
@string{ZAMM                                                                                  = {ZAMM - J. Appl. Math. Mech. / Z. Angew. Math. Mech.}}
@string{ProceedingsoftheInstitutionofMechanicalEngineersPartKJournalofMultibodyDynamics       = {Proc. Inst. Mech. Eng., Part K: J. Multi-body Dyn.}}
% Computing
@string{ComputersStructures                                                                   = {Comput. Struct.}}
@string{ComputationalMechanics                                                                = {Comput. Mech.}}
@string{JournalofComputationalScience                                                         = {J. Comput. Sci.}}
@string{JournalofComputinginCivilEngineering                                                  = {J. Comput. Civil Eng.}}
@string{ComputerAidedCivilandInfrastructureEngineering                                        = {Comput.-Aided Civ. Infrastruct. Eng.}}
@string{JournalofAppliedMechanics                                                             = {J. Appl. Mech.}}
@string{ArchiveofAppliedMechanics                                                             = {Arch. Appl. Mech.}}
@string{AppliedMechanicsReviews                                                               = {Appl. Mech. Rev.}}
@string{ArchivesofComputationalMethodsinEngineering                                           = {Arch. Comput. Methods Eng.}}
@string{InternationalJournalofAppliedMechanics                                                = {Int. J. Appl. Mech.}}
@string{ComputerMethodsinAppliedMechanicsandEngineering                                       = {Comput. Meth. Appl. Mech. Eng.}}
@string{InternationalJournalforNumericalMethodsinEngineering                                  = {Int. J. Numer. Methods Eng.}}
@string{AsiaPacificJournalonComputationalEngineering                                          = {Asia Pac. J. Comput. Eng.}}
@string{EngineeringComputations                                                               = {Eng. Comput.}}
@string{AdvancesinEngineeringSoftware                                                         = {Adv. Eng. Software}}
@string{AdvancedModelingandSimulationinEngineeringSciences                                    = {Adv. Model. Simul. Eng. Sci.}}
@string{CommunicationsinNumericalMethodsinEngineering                                         = {Commun. Numer. Methods Eng.}}
% Classical & Misc
@string{JournalofOffshoreMechanicsandArcticEngineering                                        = {J. Offshore Mech. Arct. Eng.}}
@string{BulletinofEarthquakeEngineering                                                       = {Bull. Earthquake Eng.}}
@string{ProceedingsoftheIEEE                                                                  = {Proc. IEEE}}
@string{IEEETransactionsonKnowledgeandDataEngineering                                         = {IEEE Trans. Knowl. Data Eng.}}
@string{IEEETransactionsonAerospaceandElectronicSystems                                       = {IEEE Trans. Aerosp. Electron. Syst.}}
@string{IEEETransactionsonMagnetics                                                           = {IEEE Trans. Magn.}}
@string{IEEETransactionsonSignalProcessing                                                    = {IEEE Trans. Signal Process.}}
@string{IEEETransactionsonSystemsScienceandCybernetics                                        = {IEEE Trans. Syst. Sci. Cybern.}}
@string{IEEETransactionsonReliability                                                         = {IEEE Trans. Reliab.}}
@string{StructureandInfrastructureEngineering                                                 = {Struct. Infrastruct. Eng.}}
@string{JournalofMechanicalDesign                                                             = {J. Mech. Des.}}
@string{ConstructionandBuildingMaterials                                                      = {Constr. Build. Mater.}}
% Aerospace
@string{AIAAJournal                                                                           = {AIAA J.}}
@string{JournalofAerospaceInformationSystems                                                  = {J. Aerosp. Inf. Syst.}}
@string{JournalofGuidanceControlandDynamics                                                   = {J. Guid. Control Dynam.}}
@string{JournalofSpacecraftandRockets                                                         = {J. Spacecraft Rockets}}
@string{ProgressinAerospaceSciences                                                           = {Prog. Aerosp. Sci.}}
@string{JournalofAircraft                                                                     = {J. Aircr.}}
% Masonry
@string{MasonryInternational                                                                  = {Masonry Int.}}
@string{AdvancedMaterialsResearch                                                             = {Adv. Mater. Res.}}
% Mathematical
@string{StructuralandMultidisciplinaryOptimization                                            = {Struct. Multidiscip. Optim.}}
% Misc
@string{TheBellSystemTechnicalJournal                                                         = {Bell Syst. Tech. J.}}
@string{JournalofHydrologicEngineering                                                        = {J. Hydrol. Eng.}}
@string{JournaloftheMechanicsandPhysicsofSolids                                               = {J. Mech. Phys. Solids}}
@string{JournalofEngineeringMaterialsandTechnology                                            = {J. Eng. Mater. Technol.}}
@string{JournalofVibrationandControl                                                          = {J. Vib. Control}}
@string{AnnalsofNuclearEnergy                                                                 = {Ann. Nucl. Energy}}
@string{JournalofMarineScienceandTechnology                                                   = {J. Mar. Sci. Technol.}}
@string{InternationalJournalforNumericalandAnalyticalMethodsinGeomechanics                    = {Int. J. Numer. Anal. Methods Geomech.}}


%%%%%%%%%%%%%
% INVERSION %
%%%%%%%%%%%%%
@string{InverseProblems                                                                       = {Inverse Prob.}}
@string{JournalofInverseandIllposedProblems                                                   = {J. Inverse Ill-posed Prob.}}
@string{InverseProblemsinScienceandEngineering                                                = {Inverse Prob. Sci. Eng.}}
@string{InverseProblemsandImaging                                                             = {Inverse Prob. Imaging}}


%%%%%%%%%%%%%%%
% MATHEMATICS %
%%%%%%%%%%%%%%%
@string{TheAmericanMathematicalMonthly                                                        = {Amer. Math. Monthly}}
@string{ActaNumerica                                                                          = {Acta Numer.}}
@string{ActaMathematica                                                                       = {Acta Math.}}
@string{SIAMReview                                                                            = {SIAM Rev.}}
@string{SIAMJournalonMathematicalAnalysis                                                     = {SIAM J. Math. Anal.}}
@string{SIAMJournalonImagingSciences                                                          = {SIAM J. Imag. Sci.}}
@string{SIAMJournalonScientificComputing                                                      = {SIAM J. Sci. Comput.}}
@string{SIAMJournalonNumericalAnalysis                                                        = {SIAM J. Numer. Anal.}}
@string{SIAMJournalonOptimization                                                             = {SIAM J. Optim.}}
@string{JournalofScientificComputing                                                          = {J. Sci. Comput.}}
@string{FoundationsofComputationalMathematics                                                 = {Found. Comput. Math.}}
@string{InternationalJournalofComputerMathematics                                             = {Int. J. Comput. Math.}}
@string{MathematicalStructuresinComputerScience                                               = {Math. Struct. Comput. Sci.}}
@string{MathematicsandComputersinSimulation                                                   = {Math. Comput. Simul.}}
@string{JournaloftheACM                                                                       = {J. ACM}}
@string{MethodsandApplicationsofAnalysis                                                      = {Methods Appl. Anal.}}
@string{DukeMathematicalJournal                                                               = {Duke Math. J.}}
@string{FarEastJournalofMathematicalSciences                                                  = {Far East J. Math. Sci.}}
@string{AppliedMathematicalSciences                                                           = {Appl. Math. Sci.}}
@string{AppliedMathematicalModelling                                                          = {Appl. Math. Modell.}}
@string{MathematicalBiosciences                                                               = {Math. Biosci.}}
@string{ESAIMMathematicalModellingandNumericalAnalysis                                        = {ESAIM Math. Model. Numer. Anal.}}
@string{ESAIMProceedings                                                                      = {ESAIM Proc.}}
@string{TheMathematicalIntelligencer                                                          = {Math. Intelligencer}}
@string{JournalofMathematicalSciences                                                         = {J. Math. Sci.}}
@string{JournalofMathematicalPsychology                                                       = {J. Math. Psychol.}}
@string{TheMichiganMathematicalJournal                                                        = {Michigan Math. J.}}
@string{BITNumericalMathematics                                                               = {BIT Numer. Math.}}
@string{JournalofAppliedProbability                                                           = {J. Appl. Probab.}}
@string{JournalofTheoreticalProbability                                                       = {J. Theor. Probab.}}
@string{FundamentaMathematicae                                                                = {Fundam. Math.}}
@string{CommunicationsonPureandAppliedMathematics                                             = {Commun. Pure Appl. Math.}}
@string{JournalofComputationalandAppliedMathematics                                           = {J. Comput. Appl. Math.}}
@string{BulletinoftheAmericanMathematicalSociety                                              = {Bull. Amer. Math. Soc.}}
@string{JournalofOptimizationTheoryandApplications                                            = {J. Optim. Theory Appl.}}
@string{JournalofGlobalOptimization                                                           = {J. Global Optim.}}
@string{RussianMathematicalSurveys                                                            = {Russ. Math. Surv.}}
@string{AmericanJournalofMathematics                                                          = {Am. J. Math.}}
@string{AnnalsofMathematics                                                                   = {Ann. Math.}}
@string{MathematicsofOperationsResearch                                                       = {Math. Oper. Res.}}
@string{JournalofComplexity                                                                   = {J. Complexity}}
@string{HistoriaMathematica                                                                   = {Hist. Math.}}
@string{JournaloftheInstituteofMathematicsanditsApplications                                  = {J. Inst. Math. Appl.}}
@string{CommunicationsinAppliedMathematicsandComputationalScience                             = {Commun. Appl. Math. Comput. Sci.}}


%%%%%%%%%%%%%%%%%%%%
% COMPUTER SCIENCE %
%%%%%%%%%%%%%%%%%%%%
@string{TheComputerJournal                                                                    = {Comput. J.}}
@string{MathematicsofComputation                                                              = {Math. Comput.}}
@string{DataMiningandKnowledgeDiscovery                                                       = {Data Min. Knowl. Discovery}}
@string{MathematicalModellingandComputationalExperiment                                       = {Math. Model. Comput. Exp.}}


%%%%%%%%%%%%%%
% PHILOSOPHY %
%%%%%%%%%%%%%%
@string{Synthese                                                                              = {Synthese}}
@string{Erkenntnis                                                                            = {Erkenntnis}}
@string{PhilosophiaMathematica                                                                = {Philos. Math.}}
@string{PhilosophyofScience                                                                   = {Philos. Sci.}}
@string{TheBritishJournalforthePhilosophyofScience                                            = {Br. J. Philos. Sci.}}
@string{PhilosophicalTransactions                                                             = {Philos. Trans.}}
@string{PhilosophicalTransactionsoftheRoyalSocietyofLondonA                                   = {Philos. Trans. R. Soc. London A}}
@string{ProceedingsoftheRoyalSocietyofLondonA                                                 = {Proc. R. Soc. London A}}
@string{JournaloftheRoyalSocietyInterface                                                     = {J. R. Soc. Interface}}
@string{MathematicalProceedingsoftheCambridgePhilosophicalSociety                             = {Math. Proc. Cambridge Philos. Soc.}}
@string{EuropeanJournalforPhilosophyofScience                                                 = {Eur. J. Philos. Sci.}}
@string{InternationalStudiesinthePhilosophyofScience                                          = {Int. Stud. Philos. Sci.}}


%%%%%%%%
% MISC %
%%%%%%%%
@string{AmericanScientist                                                                     = {Am. Sci.}}
@string{Genetics                                                                              = {Genetics}}
@string{FrontiersinGenetics                                                                   = {Front. Genet.}}
@string{SystematicBiology                                                                     = {Syst. Biol.}}
@string{BioScience                                                                            = {BioSci.}}
@string{Bioinformatics                                                                        = {Bioinformatics}}
@string{BMCBioinformatics                                                                     = {BMC Bioinf.}}
@string{BMCMedicalResearchMethodology                                                         = {BMC Med. Res. Method.}}
@string{PLoSComputationalBiology                                                              = {PLoS Comput. Biol.}}
@string{Heredity                                                                              = {Heredity}}
@string{NeuralComputation                                                                     = {Neural Comput.}}
@string{NeuralComputingandApplications                                                        = {Neural Comput. Appl.}}
@string{NetworkComputationinNeuralSystems                                                     = {Network: Comput. Neural Syst.}}
@string{ComputerMethodsandProgramsinBiomedicine                                               = {Comput. Meth. Programs Biomed.}}
@string{StatisticalMethodsinMedicalResearch                                                   = {Stat. Methods in Med. Res.}}
@string{FoodQualityandPreference                                                              = {Food Qual. Preference}}
@string{InternationalJournalofFoodMicrobiology                                                = {Int. J. Food Microbiol.}}
@string{EcologicalInformatics                                                                 = {Ecol. Inf.}}
@string{EcologicalModelling                                                                   = {Ecol. Modell.}}
@string{ForestScience                                                                         = {Forest Sci.}}
@string{FieldCropsResearch                                                                    = {Field Crops Res.}}
@string{ClimateDynamics                                                                       = {Clim. Dyn.}}
@string{InternationalJournalofClimatology                                                     = {Int. J. Climatol.}}
@string{JournalofAppliedMeteorologyandClimatology                                             = {J. Appl. Meteorol. Climatol.}}
@string{AtmosphericEnvironment                                                                = {Atmos. Environ.}}
@string{AtmosphericChemistryandPhysics                                                        = {Atmos. Chem. Phys.}}
@string{AtmosphericChemistryandPhysicsDiscussions                                             = {Atmos. Chem. Phys. Discuss.}}
@string{JournaloftheAirPollutionControlAssociation                                            = {J. Air Pollut. Control Assoc.}}
@string{AnnualReviewofEcologyEvolutionandSystematics                                          = {Annu. Rev. Ecol. Evol. Syst.}}
@string{EcologyLetters                                                                        = {Ecol. Lett.}}
@string{ProceedingsoftheNationalAcademyofSciences                                             = {Proc. Natl. Acad. Sci. USA}}
@string{IntegratedAssessmentJournal                                                           = {Integr. Assess. J.}}
@string{ManagementScience                                                                     = {Manage. Sci.}}
@string{JournalofManagement                                                                   = {J. Manage.}}
@string{EuropeanJournalofOperationalResearch                                                  = {Eur. J. Oper. Res.}}
@string{JournalofEconomicPerspectives                                                         = {J. Econ. Perspect.}}
@string{StudiesinNonlinearDynamicsandEconometrics                                             = {Stud. Nonlinear Dyn. Econometr.}}
@string{QuantitativeMarketingandEconomics                                                     = {Quant. Market. Econ.}}
@string{EconomicTheory                                                                        = {Econ. Theory}}
@string{InternationalEconomicReview                                                           = {Int. Econ. Rev.}}
@string{JournalofEconomics                                                                    = {J. Econ.}}
@string{AppliedStochasticModelsinBusinessandIndustry                                          = {Appl. Stochastic Models Bus. Ind.}}
@string{MathematicalSocialSciences                                                            = {Math. Social Sci.}}
@string{PoliticalAnalysis                                                                     = {Polit. Anal.}}
@string{AmericanJournalofPoliticalScience                                                     = {Am. J. Polit. Sci.}}
@string{IIETransactions                                                                       = {IIE Trans.}}
@string{JournalofCrossCulturalPsychology                                                      = {J. Cross-Cult. Psychol.}}
@string{BritishJournalofPsychology                                                            = {Br. J. Psychol.}}
@string{InternationalJournalofPsychology                                                      = {Int. J. Psychol.}}
@string{JournalofCircuitsSystemsandComputers                                                  = {J. Circuits Syst. Comput.}}
@string{JournalofIntelligentManufacturing                                                     = {J. Intell. Manuf.}}

