

%%%%%%%%%
% BOOKS %
%%%%%%%%%

@book{Transport:Villani2003,
author    = {Villani, C.},
title     = {Topics in Optimal Transportation},
publisher = {American Mathematical Society (AMS)},
address   = {Providence, Rhode Island, USA},
year      = {2003},
series    = {Graduate Studies in Mathematics},
number    = {58},
doi       = {10.1090/gsm/058},
}

@book{Transport:Villani2008,
author    = {Villani, C.},
title     = {Optimal Transport: Old and New},
publisher = {Springer-Verlag Berlin Heidelberg},
year      = {2008},
series    = {Grundlehren der mathematischen Wissenschaften},
number    = {338},
doi       = {10.1007/978-3-540-71050-9},
}

@book{Transport:Rachev1998:I,
author    = {Rachev, S.~T. and R\"{u}schendorf, L.},
title     = {Mass Transportation Problems: Volume I: Theory},
publisher = {Springer},
address   = {New York},
year      = {1998},
series    = {Probability and Its Applications},
doi       = {10.1007/b98893},
}

@book{Transport:Rachev1998:II,
author    = {Rachev, S.~T. and Ruschendorf, L.},
title     = {Mass Transportation Problems: Volume II: Applications},
publisher = {Springer},
address   = {New York},
year      = {1998},
series    = {Probability and Its Applications},
doi       = {10.1007/b98894},
}

@incollection{Transport:Ambrosio2003,
author    = {Ambrosio, L.},
title     = {Lecture Notes on Optimal Transport Problems},
booktitle = {Mathematical Aspects of Evolving Interfaces: Lectures given at the C.I.M.-C.I.M.E. joint Euro-Summer School held in Madeira, Funchal, Portugal, July 3-9, 2000},
editor    = {Colli, P. and Rodrigues, J.-F.},
year      = {2003},
pages     = {1--52},
publisher = {Springer-Verlag Berlin Heidelberg},
series    = {Lecture Notes in Mathematics},
number    = {1812},
doi       = {10.1007/978-3-540-39189-0_1},
}
% subseries = {C.I.M.E. Foundation Subseries},

@incollection{Transport:Ambrosio2013,
author    = {Ambrosio, L. and Gigli, N.},
title     = {A User's Guide to Optimal Transport},
booktitle = {Modelling and Optimisation of Flows on Networks},
editor    = {Piccoli, B. and Rascle, M.},
year      = {2013},
pages     = {1--157},
publisher = {Springer-Verlag Berlin Heidelberg},
series    = {Lecture Notes in Mathematics},
number    = {2062},
doi       = {10.1007/978-3-642-32160-3_1},
}
% subseries = {C.I.M.E. Foundation Subseries},

@book{Transport:Santambrogio2015,
author    = {Santambrogio, F.},
title     = {Optimal Transport for Applied Mathematicians: Calculus of Variations, PDEs, and Modeling},
publisher = {Springer International Publishing},
address   = {Cham, Switzerland},
year      = {2015},
series    = {Progress in Nonlinear Differential Equations and Their Applications},
number    = {87},
doi       = {10.1007/978-3-319-20828-2},
}


%%%%%%%%%%%%
% ARTICLES %
%%%%%%%%%%%%

% HISTORICAL

@article{Transport:Monge1781,
author    = {Monge, G.},
title     = {M\'{e}moire sur la th\'{e}orie des d\'{e}blais et des remblais},
journal   = {Histoire de l'Acad\'{e}mie Royale des Sciences de Paris},
year      = {1781},
pages     = {666--704},
publisher = {L'Imprimerie Royale},
address   = {Paris, France},
}

@article{Transport:Kantorovich2006:1942,
author    = {Kantorovich, L.~V.},
title     = {On the Translocation of Masses},
journal   = JournalofMathematicalSciences,
year      = {2006},
volume    = {133},
number    = {4},
pages     = {1381--1382},
issn      = {1072-3374},
doi       = {10.1007/s10958-006-0049-2},
publisher = {Kluwer Academic Publishers-Consultants Bureau},
note      = {The original paper was published in Dokl. Akad. Nauk SSSR, 37, No. 7--8, 227--229 (1942)},
}
% journal   = {Journal of Mathematical Sciences},

@article{Transport:Kantorovich2006:1948,
author    = {Kantorovich, L.~V.},
title     = {On a Problem of {M}onge},
journal   = JournalofMathematicalSciences,
year      = {2006},
volume    = {133},
number    = {4},
pages     = {1383--1383},
issn      = {1072-3374},
doi       = {10.1007/s10958-006-0050-9},
publisher = {Kluwer Academic Publishers-Consultants Bureau},
note      = {The original paper was published in Uspekhi Mat. Nauk, 3, No. 2, 225--226 (1948)},
}
% journal   = {Journal of Mathematical Sciences},

% REVIEW

@article{Transport:Bogachev2012,
author    = {Bogachev, V.~I. and Kolesnikov, A.~V.},
title     = {The {M}onge-{K}antorovich problem: achievements, connections, and perspectives},
journal   = RussianMathematicalSurveys,
year      = {2012},
volume    = {67},
number    = {5},
pages     = {785--890},
doi       = {10.1070/RM2012v067n05ABEH004808},
}
% journal   = {Russian Mathematical Surveys},
% url       = {http://stacks.iop.org/0036-0279/67/i=5/a=R01},

@article{Transport:Vershik2013,
author    = {Vershik, A.~M.},
title     = {Long History of the {M}onge-{K}antorovich Transportation Problem},
journal   = TheMathematicalIntelligencer,
year      = {2013},
volume    = {35},
number    = {4},
pages     = {1--9},
issn      = {0343-6993},
doi       = {10.1007/s00283-013-9380-x},
publisher = {Springer US},
}
% journal   = {The Mathematical Intelligencer},

% TECHNICAL

@article{Transport:Knott1984,
author    = {Knott, M. and Smith, C.~S.},
title     = {On the optimal mapping of distributions},
journal   = JournalofOptimizationTheoryandApplications,
year      = {1984},
volume    = {43},
number    = {1},
pages     = {39--49},
issn      = {0022-3239},
doi       = {10.1007/BF00934745},
publisher = {Kluwer Academic Publishers-Plenum Publishers},
}
% journal   = {Journal of Optimization Theory and Applications},

@article{Transport:McCann1999,
author    = {McCann, R.~J.},
title     = {Exact solutions to the transportation problem on the line},
journal   = ProceedingsoftheRoyalSocietyofLondonA,
year      = {1999},
volume    = {455},
number    = {1984},
pages     = {1341--1380},
doi       = {10.1098/rspa.1999.0364}, 
}
% journal   = {Proceedings of the Royal Society of London. Series A: Mathematical, Physical and Engineering Sciences},
% url       = {http://rspa.royalsocietypublishing.org/content/455/1984/1341.abstract},
% eprint    = {http://rspa.royalsocietypublishing.org/content/455/1984/1341.full.pdf+html},


%%%%%%%%%%%%%%%%%%%%%%%%%%%%%%%%%%%%%%%
% CLASSICAL RESULTS AND INTRODUCTIONS %
%%%%%%%%%%%%%%%%%%%%%%%%%%%%%%%%%%%%%%%

@article{Transport:Brenier1987,
author    = {Brenier, Y.},
title     = {D\'{e}composition polaire et r\'{e}arrangement monotone des champs de vecteurs},
journal   = {C. R. Acad. Sci. Paris S\'{e}r. I Math.},
year      = {1987},
volume    = {305},
number    = {19},
pages     = {805--808},
}

@article{Transport:Brenier1991,
author    = {Brenier, Y.},
title     = {Polar factorization and monotone rearrangement of vector-valued functions},
journal   = CommunicationsonPureandAppliedMathematics,
year      = {1991},
volume    = {44},
number    = {4},
pages     = {375--417},
issn      = {1097-0312},
doi       = {10.1002/cpa.3160440402},
publisher = {Wiley Subscription Services, Inc., A Wiley Company},
}
% journal   = {Communications on Pure and Applied Mathematics},

@article{Transport:McCann1995,
author    = {McCann, R.~J.},
title     = {Existence and uniqueness of monotone measure-preserving maps},
journal   = DukeMathematicalJournal,
year      = {1995},
volume    = {80},
number    = {2},
pages     = {309--323},
doi       = {10.1215/S0012-7094-95-08013-2},
}
% journal   = {Duke Mathematical Journal},

@article{Transport:Carlier2010,
author    = {Carlier, G. and Galichon, A. and Santambrogio, F.},
title     = {From {K}nothe's Transport to {B}renier's Map and a Continuation Method for Optimal Transport},
journal   = SIAMJournalonMathematicalAnalysis,
year      = {2010},
volume    = {41},
number    = {6},
pages     = {2554--2576},
doi       = {10.1137/080740647},
}
% journal   = {SIAM Journal on Mathematical Analysis},
% url       = {http://epubs.siam.org/doi/abs/10.1137/080740647},
% eprint    = {http://epubs.siam.org/doi/pdf/10.1137/080740647},

@article{Transport:Gigli2011,
author    = {Gigli, N.},
title     = {On the Inverse Implication of {B}renier-{McCann} Theorems and the Structure of {$(\mathcal{P}_2(M),W_2)$}},
journal   = MethodsandApplicationsofAnalysis,
year      = {2011},
volume    = {18},
number    = {2},
pages     = {127--158},
doi       = {10.4310/MAA.2011.v18.n2.a1},
}
% journal   = {Methods and Applications of Analysis},

@article{Transport:Bonnotte2013,
author    = {Bonnotte, N.},
title     = {From {K}nothe's Rearrangement to {B}renier's Optimal Transport Map},
journal   = SIAMJournalonMathematicalAnalysis,
year      = {2013},
volume    = {45},
number    = {1},
pages     = {64--87},
doi       = {10.1137/120874850},
}
% journal   = {SIAM Journal on Mathematical Analysis},


%%%%%%%%%%%%%%%%%%%%%%%%%%%%%
% MEASURE-THEORETIC MAPPING %
%%%%%%%%%%%%%%%%%%%%%%%%%%%%%

%%%%%%%%%%%%%%%%%%%%%
% DATA ASSIMILATION %
%%%%%%%%%%%%%%%%%%%%%

@article{Mapping:Reich2011,
author    = {Reich, S.},
title     = {A dynamical systems framework for intermittent data assimilation},
journal   = BITNumericalMathematics,
year      = {2011},
volume    = {51},
number    = {1},
pages     = {235--249},
issn      = {0006-3835},
doi       = {10.1007/s10543-010-0302-4},
publisher = {Springer Netherlands},
}
% journal   = {BIT Numerical Mathematics},

@article{Mapping:Reich2012,
author    = {Reich, S.},
title     = {A {G}aussian-mixture ensemble transform filter},
journal   = QuarterlyJournaloftheRoyalMeteorologicalSociety,
year      = {2012},
volume    = {138},
number    = {662},
pages     = {222--233},
issn      = {1477-870X},
doi       = {10.1002/qj.898},
publisher = {John Wiley \& Sons, Ltd.},
}
% journal   = {Quarterly Journal of the Royal Meteorological Society},

@article{Mapping:Reich2013:a,
author    = {Reich, S.},
title     = {A Nonparametric Ensemble Transform Method for {B}ayesian Inference},
journal   = SIAMJournalonScientificComputing,
year      = {2013},
volume    = {35},
number    = {4},
pages     = {2013--2024},
series    = {A},
doi       = {10.1137/130907367},
}
% journal   = {SIAM Journal on Scientific Computing},
% url       = {http://epubs.siam.org/doi/abs/10.1137/130907367},
% eprint    = {http://epubs.siam.org/doi/pdf/10.1137/130907367},

@incollection{Mapping:Reich2013:b,
author    = {Reich, S. and Cotter, C.~J.},
title     = {Ensemble filter techniques for intermittent data assimilation},
editor    = {Cullen, M. and Freitag, M.~A. and Kindermann, S. and Scheichl, R.},
booktitle = {Large Scale Inverse Problems: Computational Methods and Applications in the Earth Sciences},
series    = {Radon Series on Computational and Applied Mathematics},
number    = {13},
year      = {2013},
pages     = {91--134},
publisher = {Walter de Gruyter Verlag},
address   = {Berlin, Germany},
}

@article{Mapping:Reich2014,
author    = {Reich, S. and Shin, S.},
title     = {On the consistency of ensemble transform filter formulations},
journal   = JournalofComputationalDynamics,
year      = {2014},
volume    = {1},
number    = {1},
pages     = {177--189},
issn      = {2158-2491},
doi       = {10.3934/jcd.2014.1.177},
}
% journal   = {Journal of Computational Dynamics},
% url       = {http://aimsciences.org/journals/displayArticlesnew.jsp?paperID=9838},


%%%%%%%%%%%%%%%%%%%%%%%%%%%%%%%%%%%%%%
% BAYESIAN INFERENCE BY OPTIMAL MAPS %
%%%%%%%%%%%%%%%%%%%%%%%%%%%%%%%%%%%%%%

% YOUSSEF MARZOUK

@article{Mapping:ElMoselhy2012,
author    = {El Moselhy, T.~A. and Marzouk, Y.~M.},
title     = {{B}ayesian inference with optimal maps},
journal   = JournalofComputationalPhysics,
year      = {2012},
volume    = {231},
number    = {23},
pages     = {7815--7850},
issn      = {0021-9991},
doi       = {10.1016/j.jcp.2012.07.022},
}
% journal   = {Journal of Computational Physics},
% url       = {http://www.sciencedirect.com/science/article/pii/S0021999112003956},

@misc{Mapping:Parno2014;Misc,
author    = {Parno, M. and Marzouk, Y.},
title     = {Transport map accelerated {M}arkov chain {M}onte {C}arlo},
year      = {2014},
note      = {arXiv:1412.5492},
}
% url       = {http://arxiv.org/abs/1412.5492},

@misc{Mapping:Parno2014:arXiv,
author      = {Parno, M. and Marzouk, Y.},
title       = {Transport map accelerated {M}arkov chain {M}onte {C}arlo},
year        = {2014},
eprinttype  = {arxiv},
eprintclass = {stat.CO},
eprint      = {1412.5492},
}

@phdthesis{Mapping:Parno2015:PhD,
author    = {Parno, M.~D.},
title     = {Transport maps for accelerated {B}ayesian computation},
school    = {Massachusetts Institute of Technology (MIT)},
address   = {Cambridge, Massachusetts, USA},
year      = {2015},
type      = {{PhD} thesis},
}

@article{Transport:Parno2016,
author    = {Parno, M. and Moselhy, T. and Marzouk, Y.},
title     = {A Multiscale Strategy for {B}ayesian Inference Using Transport Maps},
journal   = SIAMASAJournalonUncertaintyQuantification,
year      = {2016},
volume    = {4},
number    = {1},
pages     = {1160--1190},
doi       = {10.1137/15M1032478},
}
% journal   = {SIAM/ASA Journal on Uncertainty Quantification},

@incollection{Mapping:Marzouk2016,
author    = {Marzouk, Y. and Moselhy, T. and Parno, M. and Spantini, A.},
title     = {Sampling via Measure Transport: {A}n Introduction},
editor    = {Ghanem, R. and Higdon, D. and Owhadi, H.},
booktitle = {Handbook of Uncertainty Quantification},
year      = {2016},
publisher = {Springer International Publishing},
address   = {Cham, Switzerland},
isbn      = {978-3-319-11259-6},
doi       = {10.1007/978-3-319-11259-6_23-1},
}
% pages     = {1--41},

% SANGGYUN KIM

@inproceedings{Mapping:Kim2013,
author    = {Kim, S. and Ma, R. and Mesa, D. and Coleman, T.~P.},
title     = {Efficient {B}ayesian inference methods via convex optimization and optimal transport},
booktitle = {2013 IEEE International Symposium on Information Theory (ISIT)},
year      = {2013},
month     = jul#{~7-12},
address   = {Istanbul, Turkey},
pages     = {2259--2263},
issn      = {2157-8095},
doi       = {10.1109/ISIT.2013.6620628},
}
% booktitle = {Information Theory Proceedings (ISIT), 2013 IEEE International Symposium on},

@article{Mapping:Kim2014,
author    = {Kim, S. and Quinn, C.~J. and Kiyavash, N. and Coleman, T.~P.},
title     = {Dynamic and Succinct Statistical Analysis of Neuroscience Data},
journal   = ProceedingsoftheIEEE,
year      = {2014},
volume    = {102},
number    = {5},
pages     = {683--698},
issn      = {0018-9219},
doi       = {10.1109/JPROC.2014.2307888},
}
% journal   = {Proceedings of the IEEE},

% OTHERS

@article{Mapping:Oliver2014,
author    = {Oliver, D.~S.},
title     = {Minimization for conditional simulation: {R}elationship to optimal transport},
journal   = JournalofComputationalPhysics,
year      = {2014},
volume    = {265},
pages     = {1--15},
issn      = {0021-9991},
doi       = {10.1016/j.jcp.2014.01.048},
}
% journal   = {Journal of Computational Physics},
% url       = {http://www.sciencedirect.com/science/article/pii/S002199911400093X},


%%%%%%%%%%%%%%%%%%%%%%%%%%%%%%%%%%%
% KNOTHE-ROSENBLATT REARRANGEMENT %
%%%%%%%%%%%%%%%%%%%%%%%%%%%%%%%%%%%

@article{Transport:Rosenblatt1952,
author    = {Rosenblatt, M.},
title     = {Remarks on a Multivariate Transformation},
journal   = TheAnnalsofMathematicalStatistics,
year      = {1952},
volume    = {23},
number    = {3},
pages     = {470--472},
doi       = {10.1214/aoms/1177729394},
publisher = {The Institute of Mathematical Statistics},
}
% journal   = {The Annals of Mathematical Statistics},

@article{Transport:Knothe1957,
author    = {Knothe, H.},
title     = {Contributions to the theory of convex bodies},
journal   = TheMichiganMathematicalJournal,
year      = {1957},
volume    = {4},
number    = {1},
pages     = {39--52},
doi       = {10.1307/mmj/1028990175},
publisher = {University of Michigan, Department of Mathematics},
}
% journal   = {The Michigan Mathematical Journal},

