

%%%%%%%%%
% BOOKS %
%%%%%%%%%

@book{PCE:Ghanem1991,
author    = {Ghanem, R.~G. and Spanos, P.~D.},
title     = {Stochastic Finite Elements: A Spectral Approach},
publisher = {Springer-Verlag},
address   = {New York},
year      = {1991},
doi       = {10.1007/978-1-4612-3094-6},
}

@book{PCE:Ghanem2003,
author    = {Ghanem, R.~G. and Spanos, P.~D.},
title     = {Stochastic Finite Elements: A Spectral Approach},
publisher = {Dover Publications},
year      = {2003},
edition   = {revised},
series    = {Dover Civil and Mechanical Engineering},
}
% publisher = {Courier Dover Publications},

@book{PCE:LeMaitre2010,
author    = {Le Ma\^{i}tre, O.~P. and Knio, O.~M.},
title     = {Spectral Methods for Uncertainty Quantification: With Applications to Computational Fluid Dynamics},
publisher = {Springer},
address   = {Dordrecht, Netherlands},
year      = {2010},
series    = {Scientific Computation},
doi       = {10.1007/978-90-481-3520-2},
}

@book{PCE:Xiu2010,
author    = {Xiu, D.},
title     = {Numerical Methods for Stochastic Computations: A Spectral Method Approach},
publisher = {Princeton University Press},
address   = {Princeton, New Jersey, USA},
year      = {2010},
}

@book{PCE:Pettersson2015,
author    = {Pettersson, M.~P. and Iaccarino, G. and Nordstr\"{o}m, J.},
title     = {Polynomial Chaos Methods for Hyperbolic Partial Differential Equations: Numerical Techniques for Fluid Dynamics Problems in the Presence of Uncertainties},
publisher = {Springer},
address   = {Cham, Switzerland},
year      = {2015},
series    = {Mathematical Engineering},
doi       = {10.1007/978-3-319-10714-1},
}


%%%%%%%%%%
% THESES %
%%%%%%%%%%

@phdthesis{PCE:Sudret2007,
author    = {Sudret, B.},
title     = {Uncertainty propagation and sensitivity analysis in mechanical models: {C}ontributions to structural reliability and stochastic spectral methods},
school    = {Universit\'{e} Blaise Pascal},
address   = {Clermont-Ferrand, France},
year      = {2007},
type      = {Habilitation \`{a} diriger des recherches},
}

@phdthesis{PCE:Blatman2009,
author    = {Blatman, G.},
title     = {Adaptive sparse polynomial chaos expansions for uncertainty propagation and sensitivity analysis},
school    = {Universit\'{e} Blaise Pascal},
address   = {Clermont-Ferrand, France},
year      = {2009},
type      = {{PhD} thesis},
}


%%%%%%%%%%%%
% ARTICLES %
%%%%%%%%%%%%

%%%%%%%%%%%%%%%%%
% INTRODUCTIONS %
%%%%%%%%%%%%%%%%%

@article{PCE:Debusschere2004,
author    = {Debusschere, B.~J. and Najm, H.~N. and P\'{e}bay, P.~P. and Knio, O.~M. and Ghanem, R.~G. and Le Ma\^{\i}tre, O.~P.},
title     = {Numerical Challenges in the Use of Polynomial Chaos Representations for Stochastic Processes},
journal   = SIAMJournalonScientificComputing,
year      = {2004},
volume    = {26},
number    = {2},
pages     = {698--719},
doi       = {10.1137/S1064827503427741},
}
% journal   = {SIAM Journal on Scientific Computing},

@article{PCE:Xiu2009:a,
author    = {Xiu, D.},
title     = {Fast Numerical Methods for Stochastic Computations: {A} Review},
journal   = CommunicationsinComputationalPhysics,
year      = {2009},
volume    = {5},
number    = {2--4},
pages     = {242--272},
}
% journal   = {Communications in Computational Physics},

@article{PCE:Najm2009,
author    = {Najm, H.~N.},
title     = {Uncertainty Quantification and Polynomial Chaos Techniques in Computational Fluid Dynamics},
journal   = AnnualReviewofFluidMechanics,
year      = {2009},
volume    = {41},
number    = {1},
pages     = {35--52},
doi       = {10.1146/annurev.fluid.010908.165248},
}
% journal   = {Annual Review of Fluid Mechanics},

@article{PCE:Sepahvand2010,
author    = {Sepahvand, K. and Marburg, S. and Hardtke, H.-J.},
title     = {Uncertainty Quantification in Stochastic Systems Using Polynomial Chaos Expansion},
journal   = InternationalJournalofAppliedMechanics,
year      = {2010},
volume    = {2},
number    = {2},
pages     = {305--353},
doi       = {10.1142/S1758825110000524},
}
% journal   = {International Journal of Applied Mechanics},
% url       = {http://www.worldscientific.com/doi/abs/10.1142/S1758825110000524},
% eprint    = {http://www.worldscientific.com/doi/pdf/10.1142/S1758825110000524},

@article{PCE:Panayirci2011,
author    = {Panayirci, H.~M. and Schu\"{e}ller, G.~I.},
title     = {On the Capabilities of the Polynomial Chaos Expansion Method within {SFE} Analysis---An Overview},
journal   = ArchivesofComputationalMethodsinEngineering,
year      = {2011},
volume    = {18},
number    = {1},
pages     = {43--55},
issn      = {1886-1784},
doi       = {10.1007/s11831-011-9058-5},
}
% journal   = {Archives of Computational Methods in Engineering},

@incollection{PCE:Sudret2014,
author    = {Sudret, B.},
title     = {Polynomial chaos expansions and stochastic finite-element methods},
booktitle = {Risk and Reliability in Geotechnical Engineering},
editor    = {Phoon, K.-K. and Ching, J.},
year      = {2015},
pages     = {265--300},
publisher = {CRC Press},
address   = {Boca Raton, Florida, USA},
}

@incollection{PCE:Debusschere2016,
author    = {Debusschere, B.},
title     = {Intrusive Polynomial Chaos Methods for Forward Uncertainty Propagation},
editor    = {Ghanem, R. and Higdon, D. and Owhadi, H.},
booktitle = {Handbook of Uncertainty Quantification},
year      = {2016},
publisher = {Springer International Publishing},
address   = {Cham, Switzerland},
isbn      = {978-3-319-11259-6},
doi       = {10.1007/978-3-319-11259-6_19-1},
}
% pages     = {1--20},

@incollection{PCE:Xiu2016,
author    = {Xiu, D.},
title     = {Stochastic Collocation Methods: {A} Survey},
editor    = {Ghanem, R. and Higdon, D. and Owhadi, H.},
booktitle = {Handbook of Uncertainty Quantification},
year      = {2016},
publisher = {Springer International Publishing},
address   = {Cham, Switzerland},
isbn      = {978-3-319-11259-6},
doi       = {10.1007/978-3-319-11259-6_26-1},
}
% pages     = {1--18},

% PDEs

@article{PCE:Gunzburger2014,
author    = {Gunzburger, M.~D. and Webster, C.~G. and Zhang, G.},
title     = {Stochastic finite element methods for partial differential equations with random input data},
journal   = ActaNumerica,
year      = {2014},
volume    = {23},
pages     = {521--650},
issn      = {1474-0508},
doi       = {10.1017/S0962492914000075},
}
% journal   = {Acta Numerica},
% url       = {http://journals.cambridge.org/article_S0962492914000075},

@article{PCE:Cohen2015,
author    = {Cohen, A. and DeVore, R.},
title     = {Approximation of high-dimensional parametric {PDE}s},
journal   = ActaNumerica,
year      = {2015},
volume    = {24},
pages     = {1--159},
issn      = {1474-0508},
doi       = {10.1017/S0962492915000033},
}
% journal   = {Acta Numerica},
% url       = {http://journals.cambridge.org/article_S0962492915000033},


%%%%%%%%%%
% THEORY %
%%%%%%%%%%

% HISTORICAL

@article{PCE:Wiener1938,
author    = {Wiener, N.},
title     = {The Homogeneous Chaos},
journal   = AmericanJournalofMathematics,
year      = {1938},
volume    = {60},
number    = {4},
pages     = {897--936},
issn      = {00029327},
doi       = {10.2307/2371268},
publisher = {The Johns Hopkins University Press},
}
% journal   = {American Journal of Mathematics},
% url       = {http://www.jstor.org/stable/2371268},

@article{PCE:Cameron1947,
author    = {Cameron, R.~H. and Martin, W.~T.},
title     = {The Orthogonal Development of Non-Linear Functionals in Series of {F}ourier-{H}ermite Functionals},
journal   = AnnalsofMathematics,
year      = {1947},
volume    = {48},
number    = {2},
pages     = {385--392},
issn      = {0003486X},
doi       = {10.2307/1969178},
publisher = {Annals of Mathematics},
}
% journal   = {Annals of Mathematics},
% series    = {Second Series},
% url       = {http://www.jstor.org/stable/1969178},

% CONVERGENCE

@techreport{PCE:Field2007,
author      = {Field, R.~V. and Grigoriu, M.~D.},
title       = {Convergence Properties of Polynomial Chaos Approximations for {$L_2$} Random Variables},
year        = {2007},
institution = {Sandia National Laboratories},
address     = {Albuquerque, New Mexico, USA},
number      = {SAND2007-1262},
doi         = {10.2172/903430},
}

@article{PCE:Ernst2012,
author    = {Ernst, O.~G. and Mugler, A. and Starkloff, H.-J. and Ullmann, E.},
title     = {On the convergence of generalized polynomial chaos expansions},
journal   = ESAIMMathematicalModellingandNumericalAnalysis,
year      = {2012},
volume    = {46},
number    = {2},
pages     = {317--339},
issn      = {1290-3841},
doi       = {10.1051/m2an/2011045},
}
% journal   = {ESAIM: Mathematical Modelling and Numerical Analysis},
% url       = {http://www.esaim-m2an.org/action/article_S0764583X11000458},

@article{PCE:Mugler2013,
author    = {Mugler, A. and Starkloff, H.-J.},
title     = {On the convergence of the stochastic {G}alerkin method for random elliptic partial differential equations},
journal   = ESAIMMathematicalModellingandNumericalAnalysis,
year      = {2013},
volume    = {47},
number    = {5},
pages     = {1237--1263},
doi       = {10.1051/m2an/2013066},
}
% journal   = {ESAIM: Mathematical Modelling and Numerical Analysis},

% PROJECTION / REGRESSION

@article{PCE:Cohen2013,
author    = {Cohen, A. and Davenport, M.~A. and Leviatan, D.},
title     = {On the Stability and Accuracy of Least Squares Approximations},
journal   = FoundationsofComputationalMathematics,
year      = {2013},
volume    = {13},
number    = {5},
pages     = {819--834},
issn      = {1615-3375},
doi       = {10.1007/s10208-013-9142-3},
publisher = {Springer US},
}
% journal   = {Foundations of Computational Mathematics},

@article{PCE:Migliorati2013,
author    = {Migliorati, G. and Nobile, F. and von Schwerin, E. and Tempone, R.},
title     = {Approximation of Quantities of Interest in Stochastic {PDE}s by the Random Discrete {$L^2$} Projection on Polynomial Spaces},
journal   = SIAMJournalonScientificComputing,
year      = {2013},
volume    = {35},
number    = {3},
pages     = {A1440--A1460},
doi       = {10.1137/120897109},
}
% journal   = {SIAM Journal on Scientific Computing},

@article{PCE:Migliorati2014,
author    = {Migliorati, G. and Nobile, F. and von Schwerin, E. and Tempone, R.},
title     = {Analysis of Discrete {$L^2$} Projection on Polynomial Spaces with Random Evaluations},
journal   = FoundationsofComputationalMathematics,
year      = {2014},
volume    = {14},
number    = {3},
pages     = {419--456},
issn      = {1615-3375},
doi       = {10.1007/s10208-013-9186-4},
publisher = {Springer US},
}
% journal   = {Foundations of Computational Mathematics},

@incollection{PCE:Migliorati2015:a,
author    = {Migliorati, G.},
title     = {Adaptive Polynomial Approximation by Means of Random Discrete Least Squares},
booktitle = {Numerical Mathematics and Advanced  Applications - ENUMATH 2013},
year      = {2015},
pages     = {547--554},
series    = {Lecture Notes in Computational Science and Engineering},
number    = {103},
editor    = {Abdulle, A. and Deparis, S. and Kressner, D. and Nobile, F. and Picasso, M.},
doi       = {10.1007/978-3-319-10705-9_54},
publisher = {Springer International Publishing},
}

@article{PCE:Migliorati2015:b,
author    = {Migliorati, G. and Nobile, F.},
title     = {Analysis of discrete least squares on multivariate polynomial spaces with evaluations at low-discrepancy point sets},
journal   = JournalofComplexity,
year      = {2015},
volume    = {31},
number    = {4},
pages     = {517--542},
issn      = {0885-064X},
doi       = {10.1016/j.jco.2015.02.001},
}
% journal   = {Journal of Complexity},
% url       = {http://www.sciencedirect.com/science/article/pii/S0885064X15000187},

@article{PCE:Migliorati2015:c,
author    = {Migliorati, G. and Nobile, F. and Tempone, R.},
title     = {Convergence estimates in probability and in expectation for discrete least squares with noisy evaluations at random points},
journal   = JournalofMultivariateAnalysis,
year      = {2015},
volume    = {142},
pages     = {167--182},
issn      = {0047-259X},
doi       = {10.1016/j.jmva.2015.08.009},
}
% journal   = {Journal of Multivariate Analysis},
% url       = {http://www.sciencedirect.com/science/article/pii/S0047259X15001931},

@article{PCE:Tang2014,
author    = {Tang, T. and Zhou, T.},
title     = {On Discrete Least-Squares Projection in Unbounded Domain with Random Evaluations and its Application to Parametric Uncertainty Quantification},
journal   = SIAMJournalonScientificComputing,
year      = {2014},
volume    = {36},
number    = {5},
pages     = {2272--2295},
series    = {A},
doi       = {10.1137/140961894},
}
% journal   = {SIAM Journal on Scientific Computing},

@article{PCE:Chkifa2015,
author    = {Chkifa, A. and Cohen, A. and Migliorati, G. and Nobile, F. and Tempone, R.},
title     = {Discrete least squares polynomial approximation with random evaluations -- application to parametric and stochastic elliptic {PDE}s},
journal   = ESAIMMathematicalModellingandNumericalAnalysis,
year      = {2015},
volume    = {49},
number    = {3},
pages     = {815--837},
doi       = {10.1051/m2an/2014050},
}
% journal   = {ESAIM: Mathematical Modelling and Numerical Analysis},

% OPTIMAL DESINGS

@article{PCE:Chen2014,
author    = {Gao, Z. and Zhou, T.},
title     = {On the Choice of Design Points for Least Square Polynomial Approximations with Application to Uncertainty Quantification},
journal   = CommunicationsinComputationalPhysics,
year      = {2014},
volume    = {16},
number    = {2},
pages     = {365--381},
issn      = {1991-7120},
doi       = {10.4208/cicp.130813.060214a},
}
% journal   = {Communications in Computational Physics},
% url       = {http://journals.cambridge.org/article_S1815240600005594},

@article{PCE:Shin2016,
author    = {Shin, Y. and Xiu, D.},
title     = {Nonadaptive Quasi-Optimal Points Selection for Least Squares Linear Regression},
journal   = SIAMJournalonScientificComputing,
year      = {2016},
volume    = {38},
number    = {1},
pages     = {385--411},
series    = {A},
doi       = {10.1137/15M1015868},
}
% journal   = {SIAM Journal on Scientific Computing},

% GIBBS PHENOMENON

@article{PCE:Gottlieb1997,
author    = {Gottlieb, D. and Shu, C.-W.},
title     = {On the {G}ibbs Phenomenon and Its Resolution},
journal   = SIAMReview,
year      = {1997},
volume    = {39},
number    = {4},
pages     = {644--668},
doi       = {10.1137/S0036144596301390},
}
% journal   = {SIAM Review},

@article{PCE:Gottlieb2011,
author    = {Gottlieb, S. and Jung, J.-H. and Kim, S.},
title     = {A Review of {D}avid {G}ottlieb's Work on the Resolution of the {G}ibbs Phenomenon},
journal   = CommunicationsinComputationalPhysics,
year      = {2011},
volume    = {9},
number    = {3},
pages     = {497--519},
doi       = {10.4208/cicp.301109.170510s},
}
% journal   = {Communications in Computational Physics},


%%%%%%%%%%%
% GENERAL %
%%%%%%%%%%%

@article{PCE:Ghanem1990,
author    = {Ghanem, R. and Spanos, P.~D.},
title     = {Polynomial Chaos in Stochastic Finite Elements},
journal   = JournalofAppliedMechanics,
year      = {1990},
volume    = {57},
number    = {1},
pages     = {197--202},
doi       = {10.1115/1.2888303},
}
% journal   = {Journal of Applied Mechanics},

@article{PCE:Fang2014,
author    = {Fang, S.-E. and Zhang, Q.-H. and Ren, W.-X.},
title     = {Parameter variability estimation using stochastic response surface model updating},
journal   = MechanicalSystemsandSignalProcessing,
year      = {2014},
volume    = {49},
number    = {1--2},
pages     = {249--263},
issn      = {0888-3270},
doi       = {10.1016/j.ymssp.2014.04.017},
}
% journal   = {Mechanical Systems and Signal Processing},
% url       = {http://www.sciencedirect.com/science/article/pii/S088832701400123X},

@article{PCE:Rizzi2012:a,
author    = {Rizzi, F. and Najm, H. and Debusschere, B. and Sargsyan, K. and Salloum, M. and Adalsteinsson, H. and Knio, O.},
title     = {Uncertainty Quantification in {MD} Simulations. {P}art {I}: {F}orward Propagation},
journal   = MultiscaleModelingSimulation,
year      = {2012},
volume    = {10},
number    = {4},
pages     = {1428--1459},
doi       = {10.1137/110853169},
}
% journal   = {Multiscale Modeling \& Simulation},

@article{PCE:Rizzi2012:b,
author    = {Rizzi, F. and Najm, H. and Debusschere, B. and Sargsyan, K. and Salloum, M. and Adalsteinsson, H. and Knio, O.},
title     = {Uncertainty Quantification in {MD} Simulations. {P}art {II}: {B}ayesian Inference of Force-Field Parameters},
journal   = MultiscaleModelingSimulation,
year      = {2012},
volume    = {10},
number    = {4},
pages     = {1460--1492},
doi       = {10.1137/110853170},
}
% journal   = {Multiscale Modeling \& Simulation},

@article{PCE:Balakrishnan2003,
author    = {Balakrishnan, S. and Roy, A. and Ierapetritou, M.~G. and Flach, G.~P. and Georgopoulos, P.~G.},
title     = {Uncertainty reduction and characterization for complex environmental fate and transport models: {A}n empirical {B}ayesian framework incorporating the stochastic response surface method},
journal   = WaterResourcesResearch,
year      = {2003},
volume    = {39},
number    = {12},
pages     = {1--13},
eid       = {1350},
issn      = {1944-7973},
doi       = {10.1029/2002WR001810},
}
% journal   = {Water Resources Research},

@article{PCE:Ghiocel2002,
author    = {Ghiocel, D.~M. and Ghanem, R.~G.},
title     = {Stochastic Finite-Element Analysis of Seismic Soil--Structure Interaction},
journal   = JournalofEngineeringMechanics,
year      = {2002},
volume    = {128},
number    = {1},
pages     = {66--77},
doi       = {10.1061/(ASCE)0733-9399(2002)128:1(66)},
}
% journal  = {Journal of Engineering Mechanics},


%%%%%%%%%%%%%%
% EXTENSIONS %
%%%%%%%%%%%%%%

% gPC

@article{PCE:Xiu2002:a,
author    = {Xiu, D. and Lucor, D. and Su, C.-H. and Karniadakis, G.~E.},
title     = {Stochastic Modeling of Flow-Structure Interactions Using Generalized Polynomial Chaos},
journal   = JournalofFluidsEngineering,
year      = {2002},
volume    = {124},
number    = {1},
pages     = {51--59},
issn      = {0098-2202},
doi       = {10.1115/1.1436089},
}
% journal   = {Journal of Fluids Engineering},

@article{PCE:Xiu2002:b,
author    = {Xiu, D. and Karniadakis, G.~E.},
title     = {The {W}iener--{A}skey Polynomial Chaos for Stochastic Differential Equations},
journal   = SIAMJournalonScientificComputing,
year      = {2002},
volume    = {24},
number    = {2},
pages     = {619--644},
doi       = {10.1137/S1064827501387826},
}
% journal   = {SIAM Journal on Scientific Computing},

@article{PCE:Xiu2002:c,
author    = {Xiu, D. and Karniadakis, G.~E.},
title     = {Modeling uncertainty in steady state diffusion problems via generalized polynomial chaos},
journal   = ComputerMethodsinAppliedMechanicsandEngineering,
year      = {2002},
volume    = {191},
number    = {43},
pages     = {4927--4948},
issn      = {0045-7825},
doi       = {10.1016/S0045-7825(02)00421-8},
}
% journal   = {Computer Methods in Applied Mechanics and Engineering},
% url       = {http://www.sciencedirect.com/science/article/pii/S0045782502004218},

@article{PCE:Xiu2003:a,
author    = {Xiu, D. and Karniadakis, G.~E.},
title     = {Modeling uncertainty in flow simulations via generalized polynomial chaos},
journal   = JournalofComputationalPhysics,
year      = {2003},
volume    = {187},
number    = {1},
pages     = {137--167},
issn      = {0021-9991},
doi       = {10.1016/S0021-9991(03)00092-5},
}
% journal   = {Journal of Computational Physics},
% url       = {http://www.sciencedirect.com/science/article/pii/S0021999103000925},

@article{PCE:Xiu2003:b,
author    = {Xiu, D. and Karniadakis, G.~E.},
title     = {A new stochastic approach to transient heat conduction modeling with uncertainty},
journal   = InternationalJournalofHeatandMassTransfer,
year      = {2003},
volume    = {46},
number    = {24},
pages     = {4681--4693},
issn      = {0017-9310},
doi       = {10.1016/S0017-9310(03)00299-0},
}
% journal   = {International Journal of Heat and Mass Transfer},
% url       = {http://www.sciencedirect.com/science/article/pii/S0017931003002990},

% MULTI-ELEMENT gPC

@article{PCE:Wan2006,
author    = {Wan, X. and Karniadakis, G.~E.},
title     = {Beyond {W}iener--{A}skey Expansions: {H}andling Arbitrary {PDF}s},
journal   = JournalofScientificComputing,
year      = {2006},
volume    = {27},
number    = {1--3},
pages     = {455--464},
issn      = {0885-7474},
doi       = {10.1007/s10915-005-9038-8},
publisher = {Kluwer Academic Publishers-Plenum Publishers},
}
% journal   = {Journal of Scientific Computing},

% aPC

@inproceedings{PCE:Witteveen2006:Conf,
author    = {Witteveen, J.~A.~S. and Bijl, H.},
title     = {Modeling Arbitrary Uncertainties Using {G}ram-{S}chmidt Polynomial Chaos},
booktitle = {44th AIAA Aerospace Sciences Meeting and Exhibit},
year      = {2006},
month     = jan#{~9-12},
address   = {Reno, Nevada, USA},
doi       = {10.2514/6.2006-896},
}

@incollection{PCE:Witteveen2006:Proc,
author    = {Witteveen, J.~A.~S. and Bijl, H.},
title     = {Modeling Arbitrary Uncertainties Using {G}ram-{S}chmidt Polynomial Chaos},
booktitle = {44th AIAA Aerospace Sciences Meeting and Exhibit},
year      = {2006},
publisher = {American Institute of Aeronautics and Astronautics (AIAA)},
address   = {Reston, Virginia, USA},
doi       = {10.2514/6.2006-896},
}

@article{PCE:Witteveen2007,
author    = {Witteveen, J.~A.~S. and Sarkar, S. and Bijl, H.},
title     = {Modeling physical uncertainties in dynamic stall induced fluid--structure interaction of turbine blades using arbitrary polynomial chaos},
journal   = ComputersStructures,
year      = {2007},
volume    = {85},
number    = {11--14},
pages     = {866--878},
issn      = {0045-7949},
doi       = {10.1016/j.compstruc.2007.01.004},
}
% journal   = {Computers \& Structures},
% note      = {Fourth {MIT} Conference on Computational Fluid and Solid Mechanics},
% url       = {http://www.sciencedirect.com/science/article/pii/S0045794907000168},

@article{PCE:Oladyshkin2012,
author    = {Oladyshkin, S. and Nowak, W.},
title     = {Data-driven uncertainty quantification using the arbitrary polynomial chaos expansion},
journal   = ReliabilityEngineeringSystemSafety,
year      = {2012},
volume    = {106},
pages     = {179--190},
issn      = {0951-8320},
doi       = {10.1016/j.ress.2012.05.002},
}
% journal   = {Reliability Engineering \& System Safety},
% url       = {http://www.sciencedirect.com/science/article/pii/S0951832012000853},

@article{PCE:Ahlfeld2016,
author    = {Ahlfeld, R. and Belkouchi, B. and Montomoli, F.},
title     = {{SAMBA}: {S}parse Approximation of Moment-Based Arbitrary Polynomial Chaos},
journal   = JournalofComputationalPhysics,
year      = {2016},
volume    = {320},
pages     = {1--16},
issn      = {0021-9991},
doi       = {10.1016/j.jcp.2016.05.014},
}
% journal   = {Journal of Computational Physics},
% url       = {http://www.sciencedirect.com/science/article/pii/S0021999116301516},

% IMPRECISE

@article{PCE:Shah2015:a,
author    = {Shah, H. and Hosder, S. and Winter, T.},
title     = {Quantification of margins and mixed uncertainties using evidence theory and stochastic expansions},
journal   = ReliabilityEngineeringSystemSafety,
year      = {2015},
volume    = {138},
pages     = {59--72},
issn      = {0951-8320},
doi       = {10.1016/j.ress.2015.01.012},
}
% journal   = {Reliability Engineering \& System Safety},
% url       = {http://www.sciencedirect.com/science/article/pii/S0951832015000228},

@article{PCE:Shah2015:b,
author    = {Shah, H. and Hosder, S. and Winter, T.},
title     = {A Mixed Uncertainty Quantification Approach Using Evidence Theory and Stochastic Expansions},
journal   = InternationalJournalforUncertaintyQuantification,
year      = {2015},
volume    = {5},
number    = {1},
pages     = {21--48},
issn      = {2152-5080},
doi       = {10.1615/Int.J.UncertaintyQuantification.2015010941},
}
% journal   = {International Journal for Uncertainty Quantification},

% MISC

@article{PCE:Soize2004,
author    = {Soize, C. and Ghanem, R.},
title     = {Physical Systems with Random Uncertainties: {C}haos Representations with Arbitrary Probability Measure},
journal   = SIAMJournalonScientificComputing,
year      = {2004},
volume    = {26},
number    = {2},
pages     = {395--410},
doi       = {10.1137/S1064827503424505},
}
% journal   = {SIAM Journal on Scientific Computing},

@article{PCE:Batou2013,
author    = {Batou, A. and Soize, C.},
title     = {Stochastic modeling and identification of an uncertain computational dynamical model with random fields properties and model uncertainties},
journal   = ArchiveofAppliedMechanics,
year      = {2013},
volume    = {83},
number    = {6},
pages     = {831--848},
issn      = {0939-1533},
doi       = {10.1007/s00419-012-0720-7},
publisher = {Springer-Verlag},
}
% journal   = {Archive of Applied Mechanics},

@article{PCE:Chen2015,
author    = {Chen, P. and Zabaras, N. and Bilionis, I.},
title     = {Uncertainty propagation using infinite mixture of {G}aussian processes and variational {B}ayesian inference},
journal   = JournalofComputationalPhysics,
year      = {2015},
volume    = {284},
pages     = {291--333},
issn      = {0021-9991},
doi       = {10.1016/j.jcp.2014.12.028},
}
% journal   = {Journal of Computational Physics},
% url       = {http://www.sciencedirect.com/science/article/pii/S0021999114008456},

% PRINCIPAL COMPONENT ANALYSIS

@inproceedings{PCE:Sudret2011:Conf,
author    = {Blatman, G. and Sudret, B.},
title     = {Principal component analysis and Least Angle Regression in spectral stochastic finite element analysis},
booktitle = {11th International Conference on Applications of Statistics and Probability in Civil Engineering (ICASP11)},
editor    = {Faber, M.~H. and K\"{o}hler, J. and Nishijima, K.},
year      = {2011},
month     = aug#{~1-4},
address   = {Z\"{u}rich, Switzerland},
doi       = {10.1201/b11332-101},
}

@incollection{PCE:Sudret2011:Proc,
author    = {Blatman, G. and Sudret, B.},
title     = {Principal component analysis and Least Angle Regression in spectral stochastic finite element analysis},
booktitle = {11th International Conference on Applications of Statistics and Probability in Civil Engineering (ICASP11)},
editor    = {Faber, M.~H. and K\"{o}hler, J. and Nishijima, K.},
year      = {2011},
publisher = {CRC Press/Balkema},
address   = {Leiden, Netherlands},
chapter   = {82},
pages     = {669--676},
doi       = {10.1201/b11332-101},
}
% booktitle = {Applications of Statistics and Probability in Civil Engineering},
% booktitle = {11th International Conference on Applications of Statistics and Probability in Civil Engineering (ICASP11)},

@inproceedings{PCE:Sudret2013:Conf,
author    = {Blatman, G. and Sudret, B.},
title     = {Sparse polynomial chaos expansions of vector-valued response quantities},
booktitle = {11th International Conference on Structural Safety and Reliability (ICOSSAR 2013)},
editor    = {Deodatis, G. and Ellingwood, B.~R. and Frangopol, D.~M.},
year      = {2013},
month     = jun#{~16-20},
address   = {New York, USA},
doi       = {10.1201/b16387-469},
}

@incollection{PCE:Sudret2013:Proc,
author    = {Blatman, G. and Sudret, B.},
title     = {Sparse polynomial chaos expansions of vector-valued response quantities},
booktitle = {11th International Conference on Structural Safety and Reliability (ICOSSAR 2013)},
editor    = {Deodatis, G. and Ellingwood, B.~R. and Frangopol, D.~M.},
year      = {2013},
publisher = {CRC Press/Balkema},
address   = {Leiden, Netherlands},
chapter   = {434},
pages     = {3245--3252},
doi       = {10.1201/b16387-469},
}
% booktitle = {Safety, Reliability, Risk and Life-Cycle Performance of Structures and Infrastructures},
% booktitle = {11th International Conference on Structural Safety and Reliability (ICOSSAR 2013)},

% NARX

@article{PCE:Spiridonakos2015,
author    = {Spiridonakos, M.~D. and Chatzi, E.~N.},
title     = {Metamodeling of dynamic nonlinear structural systems through polynomial chaos {NARX} models},
journal   = ComputersStructures,
year      = {2015},
volume    = {157},
pages     = {99--113},
issn      = {0045-7949},
doi       = {10.1016/j.compstruc.2015.05.002},
}
% journal   = {Computers \& Structures},
% url       = {http://www.sciencedirect.com/science/article/pii/S004579491500139X},

@article{PCE:Mai2016,
author    = {Mai, C.~V. and Spyridonakos, M.~D. and Chatzi, E.~N. and Sudret, B.},
title     = {Surrogate Modeling for Stochastic Dynamical Systems by Combining Nonlinear Autoregressive with Exogenous Input Models and Polynomial Chaos Expansions},
journal   = InternationalJournalforUncertaintyQuantification,
year      = {2016},
volume    = {6},
number    = {4},
pages     = {313--339},
issn      = {2152-5080},
doi       = {10.1615/Int.J.UncertaintyQuantification.2016016603},
}
% journal   = {International Journal for Uncertainty Quantification},


%%%%%%%%%%%%%%%%%%%%%%%%%%%%
% COMPUTATIONAL APPROACHES %
%%%%%%%%%%%%%%%%%%%%%%%%%%%%

% GALERKIN PROJECTION

@article{PCE:Babuska2004,
author    = {Babu\v{s}ka, I. and Tempone, R. and Zouraris, G.~E.},
title     = {{G}alerkin Finite Element Approximations of Stochastic Elliptic Partial Differential Equations},
journal   = SIAMJournalonNumericalAnalysis,
year      = {2004},
volume    = {42},
number    = {2},
pages     = {800--825},
doi       = {10.1137/S0036142902418680},
}
% journal   = {SIAM Journal on Numerical Analysis},

@article{PCE:Xiu2009:b,
author    = {Xiu, D. and Shen, J.},
title     = {Efficient stochastic {G}alerkin methods for random diffusion equations},
journal   = JournalofComputationalPhysics,
year      = {2009},
volume    = {228},
number    = {2},
pages     = {266--281},
issn      = {0021-9991},
doi       = {10.1016/j.jcp.2008.09.008},
}
% journal   = {Journal of Computational Physics},
% url       = {http://www.sciencedirect.com/science/article/pii/S0021999108004774},

% STOCHASTIC COLLOCATION

@article{PCE:Xiu2005,
author    = {Xiu, D. and Hesthaven, J.~S.},
title     = {High-Order Collocation Methods for Differential Equations with Random Inputs},
journal   = SIAMJournalonScientificComputing,
year      = {2005},
volume    = {27},
number    = {3},
pages     = {1118--1139},
doi       = {10.1137/040615201},
}
% journal   = {SIAM Journal on Scientific Computing},

@article{PCE:Xiu2007,
author    = {Xiu, D.},
title     = {Efficient Collocational Approach for Parametric Uncertainty Analysis},
journal   = CommunicationsinComputationalPhysics,
year      = {2007},
volume    = {2},
number    = {2},
pages     = {293--309},
}
% journal   = {Communications in Computational Physics},

% NUMERICAL QUADRATURE

@article{PCE:LeMaitre2001,
author    = {Le Ma\^{i}tre, O.~P. and Knio, O.~M. and Najm, H.~N. and Ghanem, R.~G.},
title     = {A Stochastic Projection Method for Fluid Flow: {I}. {B}asic Formulation},
journal   = JournalofComputationalPhysics,
year      = {2001},
volume    = {173},
number    = {2},
pages     = {481--511},
issn      = {0021-9991},
doi       = {10.1006/jcph.2001.6889},
}
% journal   = {Journal of Computational Physics},
% url       = {http://www.sciencedirect.com/science/article/pii/S0021999101968895},

@article{PCE:LeMaitre2002,
author    = {Le Ma\^{i}tre, O.~P. and Reagan, M.~T. and Najm, H.~N. and Ghanem, R.~G. and Knio, O.~M.},
title     = {A Stochastic Projection Method for Fluid Flow: {II}. {R}andom Process},
journal   = JournalofComputationalPhysics,
year      = {2002},
volume    = {181},
number    = {1},
pages     = {9--44},
issn      = {0021-9991},
doi       = {10.1006/jcph.2002.7104},
}
% journal   = {Journal of Computational Physics},
% url       = {http://www.sciencedirect.com/science/article/pii/S0021999102971044},


%%%%%%%%
% SFEM %
%%%%%%%%

@article{PCE:Berveiller2006,
author    = {Berveiller, M. and Sudret, B. and Lemaire, M.},
title     = {Stochastic finite element: a non intrusive approach by regression},
journal   = EuropeanJournalofComputationalMechanics,
year      = {2006},
volume    = {15},
number    = {1--3},
pages     = {81--92},
doi       = {10.3166/remn.15.81-92},
}
% journal   = {European Journal of Computational Mechanics},
% url       = {http://www.tandfonline.com/doi/abs/10.3166/remn.15.81-92},
% eprint    = {http://www.tandfonline.com/doi/pdf/10.3166/remn.15.81-92},

@article{PCE:Sudret2006,
author    = {Sudret, B. and Berveiller, M. and Lemaire, M.},
title     = {A stochastic finite element procedure for moment and reliability analysis},
journal   = EuropeanJournalofComputationalMechanics,
year      = {2006},
volume    = {15},
number    = {7--8},
pages     = {825--866},
doi       = {10.3166/remn.15.825-866},
}
% journal   = {European Journal of Computational Mechanics},
% url       = {http://www.tandfonline.com/doi/abs/10.3166/remn.15.825-866},
% eprint    = {http://www.tandfonline.com/doi/pdf/10.3166/remn.15.825-866},


%%%%%%%%%%%%%%%%%%%%%%%%
% SENSITIVITY ANALYSIS %
%%%%%%%%%%%%%%%%%%%%%%%%

@article{PCE:Sudret2008:c,
author    = {Sudret, B.},
title     = {Global sensitivity analysis using polynomial chaos expansions},
journal   = ReliabilityEngineeringSystemSafety,
year      = {2008},
volume    = {93},
number    = {7},
pages     = {964--979},
issn      = {0951-8320},
doi       = {10.1016/j.ress.2007.04.002},
}
% journal   = {Reliability Engineering \& System Safety},
% note      = {Bayesian Networks in Dependability},
% url       = {http://www.sciencedirect.com/science/article/pii/S0951832007001329},

@article{PCE:Crestaux2009,
author    = {Crestaux, T. and Le Ma\^{i}tre, O. and Martinez, J.-M.},
title     = {Polynomial chaos expansion for sensitivity analysis},
journal   = ReliabilityEngineeringSystemSafety,
year      = {2009},
volume    = {94},
number    = {7},
pages     = {1161--1172},
issn      = {0951-8320},
doi       = {10.1016/j.ress.2008.10.008},
}
% journal   = {Reliability Engineering \& System Safety},
% note      = {Special Issue on Sensitivity Analysis},
% url       = {http://www.sciencedirect.com/science/article/pii/S0951832008002561},

@article{PCE:Blatman2010:b,
author    = {Blatman, G. and Sudret, B.},
title     = {Efficient computation of global sensitivity indices using sparse polynomial chaos expansions},
journal   = ReliabilityEngineeringSystemSafety,
year      = {2010},
volume    = {95},
number    = {11},
pages     = {1216--1229},
issn      = {0951-8320},
doi       = {10.1016/j.ress.2010.06.015},
}
% journal   = {Reliability Engineering \& System Safety},
% url       = {http://www.sciencedirect.com/science/article/pii/S0951832010001493},

@article{PCE:Alexanderian2013,
author    = {Alexanderian, A.},
title     = {On spectral methods for variance based sensitivity analysis},
journal   = ProbabilitySurveys,
year      = {2013},
volume    = {10},
pages     = {51--68},
doi       = {10.1214/13-PS219},
publisher = {The Institute of Mathematical Statistics and the Bernoulli Society},
}
% journal   = {Probability Surveys},


%%%%%%%%%%%%%%%
% DERIVATIVES %
%%%%%%%%%%%%%%%

@article{PCE:Sudret2015,
author    = {Sudret, B. and Mai, C.~V.},
title     = {Computing derivative-based global sensitivity measures using polynomial chaos expansions},
journal   = ReliabilityEngineeringSystemSafety,
year      = {2015},
volume    = {134},
pages     = {241--250},
issn      = {0951-8320},
doi       = {10.1016/j.ress.2014.07.009},
}
% journal   = {Reliability Engineering \& System Safety},
% url       = {http://www.sciencedirect.com/science/article/pii/S0951832014001641},


%%%%%%%%%%%%%%%%%%%%%%
% BAYESIAN INVERSION %
%%%%%%%%%%%%%%%%%%%%%%

@article{PCE:Marzouk2007,
author    = {Marzouk, Y.~M. and Najm, H.~N. and Rahn, L.~A.},
title     = {Stochastic spectral methods for efficient {B}ayesian solution of inverse problems},
journal   = JournalofComputationalPhysics,
year      = {2007},
volume    = {224},
number    = {2},
pages     = {560--586},
issn      = {0021-9991},
doi       = {10.1016/j.jcp.2006.10.010},
}
% journal   = {Journal of Computational Physics},
% url       = {http://www.sciencedirect.com/science/article/pii/S0021999106004839},

@article{PCE:Marzouk2009:a,
author    = {Marzouk, Y.~M. and Najm, H.~N.},
title     = {Dimensionality reduction and polynomial chaos acceleration of {B}ayesian inference in inverse problems},
journal   = JournalofComputationalPhysics,
year      = {2009},
volume    = {228},
number    = {6},
pages     = {1862--1902},
issn      = {0021-9991},
doi       = {10.1016/j.jcp.2008.11.024},
}
% journal   = {Journal of Computational Physics},
% url       = {http://www.sciencedirect.com/science/article/pii/S0021999108006062},

@article{PCE:Marzouk2009:b,
author    = {Marzouk, Y. and Xiu, D.},
title     = {A Stochastic Collocation Approach to {B}ayesian Inference in Inverse Problems},
journal   = CommunicationsinComputationalPhysics,
year      = {2009},
volume    = {6},
number    = {4},
pages     = {826--847},
doi       = {10.4208/cicp.2009.v6.p826},
}
% journal   = {Communications in Computational Physics},

@article{PCE:Li2014,
author    = {Li, J. and Marzouk, Y.},
title     = {Adaptive Construction of Surrogates for the {B}ayesian Solution of Inverse Problems},
journal   = SIAMJournalonScientificComputing,
year      = {2014},
volume    = {36},
number    = {3},
pages     = {1163--1186},
series    = {A},
doi       = {10.1137/130938189},
}
% journal   = {SIAM Journal on Scientific Computing},

@article{PCE:Birolleau2014,
author    = {Birolleau, A. and Po\"{e}tte, G. and Lucor, D.},
title     = {Adaptive {B}ayesian inference for discontinuous inverse problems, application to hyperbolic conservation laws},
journal   = CommunicationsinComputationalPhysics,
year      = {2014},
volume    = {16},
number    = {1},
pages     = {1--34},
}
% journal   = {Communications in Computational Physics},
% doi       = {10.4208/cicp.240113.071113a},

@article{PCE:Lu2015,
author    = {Lu, F. and Morzfeld, M. and Tu, X. and Chorin, A.~J.},
title     = {Limitations of polynomial chaos expansions in the {B}ayesian solution of inverse problems},
journal   = JournalofComputationalPhysics,
year      = {2015},
volume    = {282},
pages     = {138--147},
issn      = {0021-9991},
doi       = {10.1016/j.jcp.2014.11.010},
}
% journal   = {Journal of Computational Physics},
% url       = {http://www.sciencedirect.com/science/article/pii/S0021999114007621},

% APPLICATIONS

@article{PCE:Porta2014,
author    = {Porta, G. and Tamellini, L. and Lever, V. and Riva, M.},
title     = {Inverse modeling of geochemical and mechanical compaction in sedimentary basins through Polynomial Chaos Expansion},
journal   = WaterResourcesResearch,
year      = {2014},
volume    = {50},
number    = {12},
pages     = {9414--9431},
issn      = {1944-7973},
doi       = {10.1002/2014WR015838},
}
% journal   = {Water Resources Research},

% UNKNOWN HYPERPARAMETERS

@article{PCE:Tagade2014,
author    = {Tagade, P.~M. and Choi, H.-L.},
title     = {A Generalized Polynomial Chaos-Based Method for Efficient {B}ayesian Calibration of Uncertain Computational Models},
journal   = InverseProblemsinScienceandEngineering,
year      = {2014},
volume    = {22},
number    = {4},
pages     = {602--624},
doi       = {10.1080/17415977.2013.823411},
}
% journal   = {Inverse Problems in Science and Engineering},

@article{PCE:Sraj2014,
author    = {Sraj, I. and Iskandarani, M. and Thacker, W.~C. and Srinivasan, A. and Knio, O.~M.},
title     = {Drag Parameter Estimation Using Gradients and {H}essian from a Polynomial Chaos Model Surrogate},
journal   = MonthlyWeatherReview,
year      = {2014},
volume    = {142},
number    = {2},
pages     = {933--941},
issn      = {0027-0644},
doi       = {10.1175/MWR-D-13-00087.1},
publisher = {American Meteorological Society},
}
% journal   = {Monthly Weather Review},

@article{PCE:Sraj2016,
author    = {Sraj, I. and Le Ma\^{i}tre, O.~P. and Knio, O.~M. and Hoteit, I.},
title     = {Coordinate transformation and Polynomial Chaos for the {B}ayesian inference of a {G}aussian process with parametrized prior covariance function},
journal   = ComputerMethodsinAppliedMechanicsandEngineering,
year      = {2016},
volume    = {298},
pages     = {205--228},
issn      = {0045-7825},
doi       = {10.1016/j.cma.2015.10.002},
}
% journal   = {Computer Methods in Applied Mechanics and Engineering},
% url       = {http://www.sciencedirect.com/science/article/pii/S0045782515003217},


%%%%%%%%%%%%%%%%%%%%%%%%
% STOCHASTIC INVERSION %
%%%%%%%%%%%%%%%%%%%%%%%%

@inproceedings{PCE:Sudret2008:a:Conf,
author    = {Sudret, B. and Perrin, F. and Pendola, M.},
title     = {Use of polynomial chaos expansions in stochastic inverse problems},
booktitle = {4th International ASRANet Colloquium},
year      = {2008},
month     = jun#{~25-27},
address   = {Athens, Greece},
}
% url       = {http://www.maritime-conferences.com/asranet2010-conference/asranet2008/77%20Sudret,%20Bruno.pdf},

@incollection{PCE:Sudret2008:a:Proc,
author    = {Sudret, B. and Perrin, F. and Pendola, M.},
title     = {Use of polynomial chaos expansions in stochastic inverse problems},
booktitle = {4th International ASRANet Colloquium},
year      = {2008},
publisher = {ASRANet Ltd},
address   = {Glasgow, Scotland, UK},
}

@inproceedings{PCE:Sudret2008:b,
author    = {Sudret, B. and Perrin, F. and Pendola, M.},
title     = {Maximum likelihood estimation and polynomial chaos expansions in stochastic inverse problems},
booktitle = {8th World Congress on Computational Mechanics (WCCM8) and 5th European Congress on Computational Methods in Applied Sciences and Engineering (ECCOMAS 2008)},
year      = {2008},
month     = jun#{~30}#{-}#jul#{~4},
address   = {Venice, Italy},
editor    = {Schrefler, B.~A. and Perego, U.}
}
% booktitle = {8th World Congr.\ Comput.\ Mech.\ (WCCM8) and 5th Eur.\ Congr.\ Comput.\ Meth.\ Appl.\ Sci.\ Eng.\ (ECCOMAS 2008)},


%%%%%%%%%%%%%%%%%%%%%%%%%%%%%%%%%%%%%%%%%
% MINIMIZATION, DETERMINISTIC INVERSION %
%%%%%%%%%%%%%%%%%%%%%%%%%%%%%%%%%%%%%%%%%

@article{PCE:Desceliers2006,
author    = {Desceliers, C. and Ghanem, R. and Soize, C.},
title     = {Maximum likelihood estimation of stochastic chaos representations from experimental data},
journal   = InternationalJournalforNumericalMethodsinEngineering,
year      = {2006},
volume    = {66},
number    = {6},
pages     = {978--1001},
issn      = {1097-0207},
doi       = {10.1002/nme.1576},
publisher = {John Wiley \& Sons, Ltd.},
}
% journal   = {International Journal for Numerical Methods in Engineering},

@article{PCE:Desceliers2007,
author    = {Desceliers, C. and Soize, C. and Ghanem, R.},
title     = {Identification of Chaos Representations of Elastic Properties of Random Media Using Experimental Vibration Tests},
journal   = ComputationalMechanics,
year      = {2007},
volume    = {39},
number    = {6},
pages     = {831--838},
issn      = {0178-7675},
doi       = {10.1007/s00466-006-0072-7},
publisher = {Springer-Verlag},
}
% journal   = {Computational Mechanics},

@article{PCE:Ghanem2006,
author    = {Ghanem, R.~G. and Doostan, A.},
title     = {On the construction and analysis of stochastic models: {C}haracterization and propagation of the errors associated with limited data},
journal   = JournalofComputationalPhysics,
year      = {2006},
volume    = {217},
number    = {1},
pages     = {63--81},
issn      = {0021-9991},
doi       = {10.1016/j.jcp.2006.01.037},
}
% journal   = {Journal of Computational Physics},
% url       = {http://www.sciencedirect.com/science/article/pii/S0021999106000386},

@article{PCE:Arnst2010,
author    = {Arnst, M. and Ghanem, R. and Soize, C.},
title     = {Identification of {B}ayesian posteriors for coefficients of chaos expansions},
journal   = JournalofComputationalPhysics,
year      = {2010},
volume    = {229},
number    = {9},
pages     = {3134--3154},
issn      = {0021-9991},
doi       = {10.1016/j.jcp.2009.12.033},
}
% journal   = {Journal of Computational Physics},
% url       = {http://www.sciencedirect.com/science/article/pii/S0021999109007190},


%%%%%%%%%%%%%%%
% SPARSE PCEs %
%%%%%%%%%%%%%%%

% REGULARIZED REGRESSION

@article{PCE:Doostan2007,
author    = {Doostan, A. and Ghanem, R.~G. and Red-Horse, J.},
title     = {Stochastic model reduction for chaos representations},
journal   = ComputerMethodsinAppliedMechanicsandEngineering,
year      = {2007},
volume    = {196},
number    = {37--40},
pages     = {3951--3966},
issn      = {0045-7825},
doi       = {10.1016/j.cma.2006.10.047},
}
% journal   = {Computer Methods in Applied Mechanics and Engineering},
% note      = {Special Issue Honoring the 80th Birthday of Professor Ivo Babuška},
% url       = {http://www.sciencedirect.com/science/article/pii/S0045782507001181},

@article{PCE:Doostan2011,
author    = {Doostan, A. and Owhadi, H.},
title     = {A non-adapted sparse approximation of {PDE}s with stochastic inputs},
journal   = JournalofComputationalPhysics,
year      = {2011},
volume    = {230},
number    = {8},
pages     = {3015--3034},
issn      = {0021-9991},
doi       = {10.1016/j.jcp.2011.01.002},
}
% journal   = {Journal of Computational Physics},
% url       = {http://www.sciencedirect.com/science/article/pii/S0021999111000106},

@article{PCE:Hampton2015,
author    = {Hampton, J. and Doostan, A.},
title     = {Compressive sampling of polynomial chaos expansions: {C}onvergence analysis and sampling strategies},
journal   = JournalofComputationalPhysics,
year      = {2015},
volume    = {280},
pages     = {363--386},
issn      = {0021-9991},
doi       = {10.1016/j.jcp.2014.09.019},
}
% journal   = {Journal of Computational Physics},
% url       = {http://www.sciencedirect.com/science/article/pii/S002199911400655X},

@article{PCE:Yan2012,
author    = {Yan, L. and Guo, L. and Xiu, D.},
title     = {Stochastic collocation algorithms using {$\ell_1$}-minimization},
journal   = InternationalJournalforUncertaintyQuantification,
year      = {2012},
volume    = {2},
number    = {3},
pages     = {279--293},
issn      = {2152-5080},
doi       = {10.1615/Int.J.UncertaintyQuantification.2012003925},
}
% journal   = {International Journal for Uncertainty Quantification},

@article{PCE:Mathelin2012,
author    = {Mathelin, L. and Gallivan, K.~A.},
title     = {A Compressed Sensing Approach for Partial Differential Equations with Random Input Data},
journal   = CommunicationsinComputationalPhysics,
year      = {2012},
volume    = {12},
number    = {4},
pages     = {919--954},
doi       = {10.4208/cicp.151110.090911a},
}
% journal   = {Communications in Computational Physics},

@article{PCE:Peng2014,
author    = {Peng, J. and Hampton, J. and Doostan, A.},
title     = {A weighted {$\ell_1$}-minimization approach for sparse polynomial chaos expansions},
journal   = JournalofComputationalPhysics,
year      = {2014},
volume    = {267},
pages     = {92--111},
issn      = {0021-9991},
doi       = {10.1016/j.jcp.2014.02.024},
}
% journal   = {Journal of Computational Physics},
% url       = {http://www.sciencedirect.com/science/article/pii/S0021999114001442},

@article{PCE:Jakeman2015,
author    = {Jakeman, J.~D. and Eldred, M.~S. and Sargsyan, K.},
title     = {Enhancing {$\ell_1$}-minimization estimates of polynomial chaos expansions using basis selection},
journal   = JournalofComputationalPhysics,
year      = {2015},
volume    = {289},
pages     = {18--34},
issn      = {0021-9991},
doi       = {10.1016/j.jcp.2015.02.025},
}
% journal   = {Journal of Computational Physics},
% url       = {http://www.sciencedirect.com/science/article/pii/S0021999115000959},

@article{PCE:Peng2016,
author    = {Peng, J. and Hampton, J. and Doostan, A.},
title     = {On polynomial chaos expansion via gradient-enhanced {$\ell_1$}-minimization},
journal   = JournalofComputationalPhysics,
year      = {2016},
volume    = {310},
pages     = {440--458},
issn      = {0021-9991},
doi       = {10.1016/j.jcp.2015.12.049},
}
% journal   = {Journal of Computational Physics},
% url       = {http://www.sciencedirect.com/science/article/pii/S0021999115008682},

% BAYESIAN COUNTERPART

@article{PCE:Sargsyan2014,
author    = {Sargsyan, K. and Safta, C. and Najm, H.~N. and Debusschere, B.~J. and Ricciuto, D. and Thornton, P.},
title     = {Dimensionality Reduction for Complex Models via {B}ayesian Compressive Sensing},
journal   = InternationalJournalforUncertaintyQuantification,
year      = {2014},
volume    = {4},
number    = {1},
pages     = {63--93},
issn      = {2152-5080},
doi       = {10.1615/Int.J.UncertaintyQuantification.2013006821},
}
% journal   = {International Journal for Uncertainty Quantification},

@article{PCE:Ray2015,
author    = {Ray, J. and Hou, Z. and Huang, M. and Sargsyan, K. and Swiler, L.},
title     = {{B}ayesian Calibration of the Community Land Model Using Surrogates},
journal   = SIAMASAJournalonUncertaintyQuantification,
year      = {2015},
volume    = {3},
number    = {1},
pages     = {199--233},
doi       = {10.1137/140957998},
}
% journal   = {SIAM/ASA Journal on Uncertainty Quantification},

@article{PCE:Huang2016,
author    = {Huang, M. and Ray, J. and Hou, Z. and Ren, H. and Liu, Y. and Swiler, L.},
title     = {On the applicability of surrogate-based {M}arkov chain {M}onte {C}arlo-{B}ayesian inversion to the Community Land Model: {C}ase studies at flux tower sites},
journal   = JournalofGeophysicalResearchAtmospheres,
year      = {2016},
volume    = {121},
number    = {13},
pages     = {7548--7563},
eid       = {2015JD024339},
issn      = {2169-8996},
doi       = {10.1002/2015JD024339},
}
% journal   = {Journal of Geophysical Research: Atmospheres},

@article{PCE:Karagiannis2014,
author    = {Karagiannis, G. and Lin, G.},
title     = {Selection of polynomial chaos bases via {B}ayesian model uncertainty methods with applications to sparse approximation of {PDE}s with stochastic inputs},
journal   = JournalofComputationalPhysics,
year      = {2014},
volume    = {259},
pages     = {114--134},
issn      = {0021-9991},
doi       = {10.1016/j.jcp.2013.11.016},
}
% journal   = {Journal of Computational Physics},
% url       = {http://www.sciencedirect.com/science/article/pii/S002199911300778X},

@article{PCE:Karagiannis2015,
author    = {Karagiannis, G. and Konomi, B.~A. and Lin, G.},
title     = {A {B}ayesian mixed shrinkage prior procedure for spatial--stochastic basis selection and evaluation of g{PC} expansions: {A}pplications to elliptic {SPDE}s},
journal   = JournalofComputationalPhysics,
year      = {2015},
volume    = {284},
pages     = {528--546},
issn      = {0021-9991},
doi       = {10.1016/j.jcp.2014.12.034},
}
% journal   = {Journal of Computational Physics},
% url       = {http://www.sciencedirect.com/science/article/pii/S0021999114008511},

@article{PCE:Tan2015,
author    = {Tan, M.~H.~Y.},
title     = {Sequential {B}ayesian Polynomial Chaos Model Selection for Estimation of Sensitivity Indices},
journal   = SIAMASAJournalonUncertaintyQuantification,
year      = {2015},
volume    = {3},
number    = {1},
pages     = {146--168},
doi       = {10.1137/130931175},
}
% journal   = {SIAM/ASA Journal on Uncertainty Quantification},

@incollection{PCE:Sargsyan2016,
author    = {Sargsyan, K.},
title     = {Surrogate Models for Uncertainty Propagation and Sensitivity Analysis},
editor    = {Ghanem, R. and Higdon, D. and Owhadi, H.},
booktitle = {Handbook of Uncertainty Quantification},
year      = {2016},
publisher = {Springer International Publishing},
address   = {Cham, Switzerland},
isbn      = {978-3-319-11259-6},
doi       = {10.1007/978-3-319-11259-6_22-1},
}
% pages     = {1--26},

@article{PCE:Shao2017,
author    = {Shao, Q. and Younes, A. and Fahs, M. and Mara, T.~A.},
title     = {{B}ayesian sparse polynomial chaos expansion for global sensitivity analysis},
journal   = ComputerMethodsinAppliedMechanicsandEngineering,
year      = {2017},
volume    = {318},
pages     = {474--496},
issn      = {0045-7825},
doi       = {10.1016/j.cma.2017.01.033},
}
% journal   = {Computer Methods in Applied Mechanics and Engineering},
% url       = {http://www.sciencedirect.com/science/article/pii/S0045782516307010},

% LEAST ANGLE REGRESSION

@article{PCE:Blatman2008,
author    = {Blatman, G. and Sudret, B.},
title     = {Sparse polynomial chaos expansions and adaptive stochastic finite elements using a regression approach},
journal   = ComptesRendusMecanique,
year      = {2008},
volume    = {336},
number    = {6},
pages     = {518--523},
issn      = {1631-0721},
doi       = {10.1016/j.crme.2008.02.013},
}
% journal   = {Comptes Rendus M\'{e}canique},
% url       = {http://www.sciencedirect.com/science/article/pii/S1631072108000582},

@article{PCE:Blatman2010:a,
author    = {Blatman, G. and Sudret, B.},
title     = {An adaptive algorithm to build up sparse polynomial chaos expansions for stochastic finite element analysis},
journal   = ProbabilisticEngineeringMechanics,
year      = {2010},
volume    = {25},
number    = {2},
pages     = {183--197},
issn      = {0266-8920},
doi       = {10.1016/j.probengmech.2009.10.003},
}
% journal   = {Probabilistic Engineering Mechanics},
% url       = {http://www.sciencedirect.com/science/article/pii/S0266892009000666},

@article{PCE:Blatman2011,
author    = {Blatman, G. and Sudret, B.},
title     = {Adaptive sparse polynomial chaos expansion based on least angle regression},
journal   = JournalofComputationalPhysics,
year      = {2011},
volume    = {230},
number    = {6},
pages     = {2345--2367},
issn      = {0021-9991},
doi       = {10.1016/j.jcp.2010.12.021},
}
% journal   = {Journal of Computational Physics},
% url       = {http://www.sciencedirect.com/science/article/pii/S0021999110006856},

@article{PCE:Konakli2016,
author    = {Konakli, K. and Sudret, B.},
title     = {Polynomial meta-models with canonical low-rank approximations: {N}umerical insights and comparison to sparse polynomial chaos expansions},
journal   = JournalofComputationalPhysics,
year      = {2016},
volume    = {321},
pages     = {1144--1169},
issn      = {0021-9991},
doi       = {10.1016/j.jcp.2016.06.005},
}
% journal   = {Journal of Computational Physics},
% url       = {http://www.sciencedirect.com/science/article/pii/S0021999116302303},

@article{PCE:Deman2016,
author    = {Deman, G. and Konakli, K. and Sudret, B. and Kerrou, J. and Perrochet, P. and Benabderrahmane, H.},
title     = {Using sparse polynomial chaos expansions for the global sensitivity analysis of groundwater lifetime expectancy in a multi-layered hydrogeological model},
journal   = ReliabilityEngineeringSystemSafety,
year      = {2016},
volume    = {147},
pages     = {156--169},
issn      = {0951-8320},
doi       = {10.1016/j.ress.2015.11.005},
}
% url       = {http://www.sciencedirect.com/science/article/pii/S0951832015003324},
% journal   = {Reliability Engineering \& System Safety},

% MISC

@article{PCE:Fajraoui2012,
author    = {Fajraoui, N. and Mara, T.~A. and Younes, A. and Bouhlila, R.},
title     = {Reactive Transport Parameter Estimation and Global Sensitivity Analysis Using Sparse Polynomial Chaos Expansion},
journal   = WaterAirSoilPollution,
year      = {2012},
volume    = {223},
number    = {7},
pages     = {4183--4197},
issn      = {1573-2932},
doi       = {10.1007/s11270-012-1183-8},
}
% journal   = {Water, Air, \& Soil Pollution},

@article{PCE:AlBittar2014,
author    = {Al-Bittar, T. and Soubra, A.-H.},
title     = {Efficient sparse polynomial chaos expansion methodology for the probabilistic analysis of computationally-expensive deterministic models},
journal   = InternationalJournalforNumericalandAnalyticalMethodsinGeomechanics,
year      = {2014},
volume    = {38},
number    = {12},
pages     = {1211--1230},
issn      = {1096-9853},
doi       = {10.1002/nag.2251},
}
% journal   = {International Journal for Numerical and Analytical Methods in Geomechanics},

@article{PCE:Abraham2017,
author    = {Abraham, S. and Raisee, M. and Ghorbaniasl, G. and Contino, F. and Lacor, C.},
title     = {A robust and efficient stepwise regression method for building sparse polynomial chaos expansions},
journal   = JournalofComputationalPhysics,
year      = {2017},
volume    = {332},
pages     = {461--474},
issn      = {0021-9991},
doi       = {10.1016/j.jcp.2016.12.015},
}
% journal   = {Journal of Computational Physics},
% url       = {http://www.sciencedirect.com/science/article/pii/S0021999116306684},

% LOW-RANK APPROXIMATIONS

@article{PCE:Doostan2009,
author    = {Doostan, A. and Iaccarino, G.},
title     = {A least-squares approximation of partial differential equations with high-dimensional random inputs},
journal   = JournalofComputationalPhysics,
year      = {2009},
volume    = {228},
number    = {12},
pages     = {4332--4345},
issn      = {0021-9991},
doi       = {10.1016/j.jcp.2009.03.006},
}
% journal   = {Journal of Computational Physics},
% url       = {http://www.sciencedirect.com/science/article/pii/S0021999109001144},

@article{PCE:Doostan2013,
author    = {Doostan, A. and Validi, A.~A. and Iaccarino, G.},
title     = {Non-intrusive low-rank separated approximation of high-dimensional stochastic models},
journal   = ComputerMethodsinAppliedMechanicsandEngineering,
year      = {2013},
volume    = {263},
pages     = {42--55},
issn      = {0045-7825},
doi       = {10.1016/j.cma.2013.04.003},
}
% journal   = {Computer Methods in Applied Mechanics and Engineering},
% url       = {http://www.sciencedirect.com/science/article/pii/S0045782513000935},

@article{PCE:Validi2014,
author    = {Validi, A.~A.},
title     = {Low-rank separated representation surrogates of high-dimensional stochastic functions: {A}pplication in {B}ayesian inference},
journal   = JournalofComputationalPhysics,
year      = {2014},
volume    = {260},
pages     = {37--53},
issn      = {0021-9991},
doi       = {10.1016/j.jcp.2013.12.024},
}
% journal   = {Journal of Computational Physics},
% url       = {http://www.sciencedirect.com/science/article/pii/S0021999113008310},


%%%%%%%%%%%%%%%%%%%%%%%%%%%%%%
% NONPARAMETRIC DISTRIBUTION %
%%%%%%%%%%%%%%%%%%%%%%%%%%%%%%

@article{PCE:Nouy2010,
author    = {Nouy, A.},
title     = {Identification of multi-modal random variables through mixtures of polynomial chaos expansions},
journal   = ComptesRendusMecanique,
year      = {2010},
volume    = {338},
number    = {12},
pages     = {698--703},
issn      = {1631-0721},
doi       = {10.1016/j.crme.2010.09.003},
}
% journal   = {Comptes Rendus Mécanique},
% url       = {http://www.sciencedirect.com/science/article/pii/S1631072110001531},

@article{PCE:Soize2015,
author    = {Soize, C.},
title     = {Polynomial Chaos Expansion of a Multimodal Random Vector},
journal   = SIAMASAJournalonUncertaintyQuantification,
year      = {2015},
volume    = {3},
number    = {1},
pages     = {34--60},
doi       = {10.1137/140968495},
}
% journal   = {SIAM/ASA Journal on Uncertainty Quantification},

@article{PCE:Stavropoulou2015,
author    = {Stavropoulou, F. and M\"{u}ller, J.},
title     = {Parametrization of Random Vectors in Polynomial Chaos Expansions via Optimal Transportation},
journal   = SIAMJournalonScientificComputing,
year      = {2015},
volume    = {37},
number    = {6},
pages     = {2535--2557},
series    = {A},
doi       = {10.1137/130949063},
}
% journal   = {SIAM Journal on Scientific Computing},

