

%%%%%%%%%%
% THESES %
%%%%%%%%%%

@mastersthesis{Nagel:Dipl2011,
author    = {Nagel, J.~B.},
title     = {Lattice {QCD} on {GPU}s},
school    = {Rheinische Friedrich-Wilhelms-Universit\"{a}t Bonn},
address   = {Bonn, Germany},
year      = {2011},
type      = {Diploma thesis}
}
% note      = {Defended on March 4, 2011}

@phdthesis{Nagel:PhD2017,
author    = {Nagel, J.~B.},
title     = {{B}ayesian techniques for inverse uncertainty quantification},
school    = {Swiss Federal Institute of Technology (ETH Z\"{u}rich)},
address   = {Z\"{u}rich, Switzerland},
year      = {2017},
type      = {{PhD} thesis},
}
% note      = {Defended on January 26, 2017}


%%%%%%%%%%%%%%%%%%
% JOURNAL PAPERS %
%%%%%%%%%%%%%%%%%%

@article{Nagel:JAIS2015,
author    = {Nagel, J.~B. and Sudret, B.},
title     = {{B}ayesian Multilevel Model Calibration for Inverse Problems Under Uncertainty with Perfect Data},
journal   = JournalofAerospaceInformationSystems,
year      = {2015},
volume    = {12},
number    = {1},
pages     = {97--113},
issn      = {2327-3097},
doi       = {10.2514/1.I010264},
publisher = {American Institute of Aeronautics and Astronautics},
}
% journal   = {Journal of Aerospace Information Systems},
% note      = {Special Section on Uncertainty Quantification},
% url       = {https://arc.aiaa.org/doi/10.2514/1.I010264},

@article{Nagel:PEM2016,
author    = {Nagel, J.~B. and Sudret, B.},
title     = {A unified framework for multilevel uncertainty quantification in {B}ayesian inverse problems},
journal   = ProbabilisticEngineeringMechanics,
year      = {2016},
volume    = {43},
pages     = {68--84},
issn      = {0266-8920},
doi       = {10.1016/j.probengmech.2015.09.007},
}
% journal   = {Probabilistic Engineering Mechanics},
% url       = {https://www.sciencedirect.com/science/article/pii/S0266892015300266},

@article{Nagel:JRUES2016,
author    = {Nagel, J.~B. and Sudret, B.},
title     = {{H}amiltonian {M}onte {C}arlo and Borrowing Strength in Hierarchical Inverse Problems},
journal   = ASCEASMEJournalofRiskandUncertaintyinEngineeringSystemsPartACivilEngineering,
year      = {2016},
volume    = {2},
number    = {3},
pages     = {1--12},
eid       = {B4015008},
doi       = {10.1061/AJRUA6.0000847},
}
% journal   = {ASCE-ASME Journal of Risk and Uncertainty in Engineering Systems, Part A: Civil Engineering},
% note      = {Special Issue: Uncertainty Quantification and Propagation in Structural Systems},
% url       = {https://ascelibrary.org/doi/abs/10.1061/AJRUA6.0000847},

@article{Nagel:JCP2016,
author    = {Nagel, J.~B. and Sudret, B.},
title     = {Spectral likelihood expansions for {B}ayesian inference},
journal   = JournalofComputationalPhysics,
year      = {2016},
volume    = {309},
pages     = {267--294},
issn      = {0021-9991},
doi       = {10.1016/j.jcp.2015.12.047},
}
% journal   = {Journal of Computational Physics},
% url       = {https://www.sciencedirect.com/science/article/pii/S0021999115008669},

@article{Nagel:WRR2018,
author    = {Peter, S.~J. and Siviglia, A. and Nagel, J.~B. and Marelli, S. and Boes, R.~M. and Vetsch, D. and Sudret, B.},
title     = {Development of Probabilistic Dam Breach Model Using {B}ayesian Inference},
journal   = WaterResourcesResearch,
year      = {2018},
volume    = {54},
number    = {7},
pages     = {4376-4400},
doi       = {10.1029/2017WR021176},
}
% journal   = {Water Resources Research},
% url       = {https://agupubs.onlinelibrary.wiley.com/doi/abs/10.1029/2017WR021176},

@article{Nagel:RESS2020,
author    = {Nagel, J.~B. and Rieckermann, J. and Sudret, B.},
title     = {Principal component analysis and sparse polynomial chaos expansions for global sensitivity analysis and model calibration: {A}pplication to urban drainage simulation},
journal   = ReliabilityEngineeringSystemSafety,
year      = {2020},
volume    = {195},
pages     = {1--16},
eid       = {106737},
issn      = {0951-8320},
doi       = {10.1016/j.ress.2019.106737},
}
% journal   = {Reliability Engineering \& System Safety},
% url       = {https://www.sciencedirect.com/science/article/pii/S0951832019301747},


%%%%%%%%%%%%%%%%%%%%%%%%%%%%
% CONFERENCE CONTRIBUTIONS %
%%%%%%%%%%%%%%%%%%%%%%%%%%%%

% PEER-REVIEWED PAPER, PRESENTATION

@inproceedings{Nagel:IPW2013:Conf,
author    = {Nagel, J.~B. and Sudret, B.},
title     = {Probabilistic Inversion for Estimating the Variability of Material Properties: {A} {B}ayesian Multilevel Approach},
booktitle = {11th International Probabilistic Workshop (IPW11)},
year      = {2013},
month     = nov#{~6-8},
address   = {Brno, Czech Republic},
editor    = {Nov\'{a}k, D. and Vo\v{r}echovsk\'{y}, M.},
pages     = {293--303},
doi       = {10.3929/ethz-a-010034843},
}
% url       = {http://stm.fce.vutbr.cz/ipw11_data/Proceedings_IPW11.pdf},
% month     = nov#{~8},

@incollection{Nagel:IPW2013:Proc,
author    = {Nagel, J.~B. and Sudret, B.},
title     = {Probabilistic Inversion for Estimating the Variability of Material Properties: {A} {B}ayesian Multilevel Approach},
booktitle = {11th International Probabilistic Workshop (IPW11)},
year      = {2013},
publisher = {Litera},
address   = {Brno, Czech Republic},
editor    = {Nov\'{a}k, D. and Vo\v{r}echovsk\'{y}, M.},
pages     = {293--303},
doi       = {10.3929/ethz-a-010034843},
}
% url       = {http://stm.fce.vutbr.cz/ipw11_data/Proceedings_IPW11.pdf},

@inproceedings{Nagel:ICVRAM2014:Conf,
author    = {Nagel, J.~B. and Sudret, B.},
title     = {A {B}ayesian Multilevel Approach to Optimally Estimate Material Properties},
booktitle = {ASCE-ICVRAM-ISUMA 2014},
year      = {2014},
month     = jul#{~13-16},
address   = {Liverpool, UK},
doi       = {10.1061/9780784413609.151},
}
% month     = jul#{~14},

@incollection{Nagel:ICVRAM2014:Proc,
author    = {Nagel, J.~B. and Sudret, B.},
title     = {A {B}ayesian Multilevel Approach to Optimally Estimate Material Properties},
booktitle = {2nd International Conference on Vulnerability and Risk Analysis and Management and 6th International Symposium on Uncertainty Modeling and Analysis (ICVRAM \& ISUMA 2014)},
editor    = {Beer, M. and Au, S.-K. and Hall, J.~W.},
publisher = {American Society of Civil Engineers (ASCE)},
address   = {Reston, Virginia, USA},
year      = {2014},
chapter   = {151},
pages     = {1504--1513},
doi       = {10.1061/9780784413609.151},
}
% booktitle = {Vulnerability, Uncertainty, and Risk: Quantification, Mitigation, and Management},
% booktitle = {2nd International Conference on Vulnerability and Risk Analysis and Management and 6th International Symposium on Uncertainty Modeling and Analysis (ICVRAM \& ISUMA 2014)},
% booktitle = {2nd International Conference on Vulnerability, Uncertainty, and Risk: Quantification, Mitigation, and Management (ICVRAM-ISUMA 2014)},
% url       = {http://ascelibrary.org/doi/abs/10.1061/9780784413609.151},

@inproceedings{Nagel:ICASP2015:Conf,
author    = {Nagel, J.~B. and Mojsilovic, N. and Sudret, B.},
title     = {{B}ayesian Assessment of the Compressive Strength of Structural Masonry},
booktitle = {12th International Conference on Applications of Statistics and Probability in Civil Engineering (ICASP12)},
year      = {2015},
month     = jul#{~12-15},
address   = {Vancouver, Canada},
doi       = {10.14288/1.0076072},
}
% month     = jul#{~15},

@incollection{Nagel:ICASP2015:Proc,
author    = {Nagel, J.~B. and Mojsilovic, N. and Sudret, B.},
title     = {{B}ayesian Assessment of the Compressive Strength of Structural Masonry},
booktitle = {12th International Conference on Applications of Statistics and Probability in Civil Engineering (ICASP12)},
year      = {2015},
publisher = {University of British Columbia},
address   = {Vancouver, Canada},
doi       = {10.14288/1.0076072},
}
% url       = {https://open.library.ubc.ca/cIRcle/collections/53032/items/1.0076072},

% NON-REVIEWED PAPER, PRESENTATION

@inproceedings{Nagel:SciTech2014:Conf,
author    = {Nagel, J.~B. and Sudret, B.},
title     = {A {B}ayesian Multilevel Framework for Uncertainty Characterization and the {NASA} {L}angley Multidisciplinary {UQ} Challenge},
booktitle = {16th AIAA Non-Deterministic Approaches Conference (SciTech 2014)},
year      = {2014},
month     = jan#{~13-17},
address   = {National Harbor, Maryland, USA},
doi       = {10.2514/6.2014-1502},
}
% month     = jan#{~17},

@incollection{Nagel:SciTech2014:Proc,
author    = {Nagel, J.~B. and Sudret, B.},
title     = {A {B}ayesian Multilevel Framework for Uncertainty Characterization and the {NASA} {L}angley Multidisciplinary {UQ} Challenge},
booktitle = {16th AIAA Non-Deterministic Approaches Conference (SciTech 2014)},
year      = {2014},
publisher = {American Institute of Aeronautics and Astronautics (AIAA)},
address   = {Reston, Virginia, USA},
doi       = {10.2514/6.2014-1502},
}

% NO PAPER, ONLY PRESENTATION

@inproceedings{Nagel:MascotNum2014:Pres,
author    = {Nagel, J.~B. and Sudret, B.},
title     = {{B}ayesian Multilevel Model Calibration for Inversion of ``Perfect'' Data in the Presence of Uncertainty},
booktitle = {MascotNum Workshop on Computer Experiments and Meta-models for Uncertainty Quantification (MascotNum 2014)},
year      = {2014},
month     = apr#{~23-25},
address   = {Z\"{u}rich, Switzerland},
}
% note      = {Presented by Joseph B. Nagel},
% month     = apr#{~23},

@inproceedings{Nagel:PANACM2015:Pres,
author    = {Nagel, J.~B. and Sudret, B.},
title     = {{PCE}-Metamodeling for Inverse Heat Conduction},
booktitle = {1st Pan-American Congress on Computational Mechanics (PANACM 2015)},
year      = {2015},
month     = apr#{~27-29},
address   = {Buenos Aires, Argentina},
}
% note      = {Presented by Bruno Sudret},
% month     = apr#{~29},

@inproceedings{Nagel:SRES2015:Pres,
author    = {Nagel, J.~B. and Sudret, B.},
title     = {Optimal Transportation for {B}ayesian Inference in Engineering},
booktitle = {International Symposium on Reliability of Engineering Systems (SRES 2015)},
year      = {2015},
month     = oct#{~15-17},
address   = {Hangzhou, China},
}
% note      = {Presented by Joseph B. Nagel},
% month     = oct#{~17},

@inproceedings{Nagel:SIAMUQ2016:Pres,
author    = {Nagel, J.~B. and Sudret, B.},
title     = {Spectral Likelihood Expansions and Nonparametric Posterior Surrogates},
booktitle = {SIAM Conference on Uncertainty Quantification (SIAM UQ 2016)},
year      = {2016},
month     = apr#{~5-8},
address   = {Lausanne, Switzerland},
}
% note      = {Presented by Joseph B. Nagel},
% month     = apr#{~6},

@inproceedings{Nagel:ECCOMAS2016:Pres,
author    = {Nagel, J.~B. and Sudret, B.},
title     = {Nonparametric posterior surrogates based on spectral likelihood expansions and least angle regression},
booktitle = {European Congress on Computational Methods in Applied Sciences and Engineering (ECCOMAS Congress 2016)},
year      = {2016},
month     = jun#{~5-10},
address   = {Crete Island, Greece},
}
% note      = {Presented by Joseph B. Nagel},
% month     = jun#{~10},

