

%%%%%%%%%%%%%%%%%%%%%%
% CLASSICAL DYNAMICS %
%%%%%%%%%%%%%%%%%%%%%%

@book{Physics:Deriglazov2010,
author    = {Deriglazov, A.},
title     = {Classical Mechanics: Hamiltonian and Lagrangian Formalism},
publisher = {Springer-Verlag Berlin Heidelberg},
year      = {2010},
doi       = {10.1007/978-3-642-14037-2},
}


%%%%%%%%%%%%%%%%%%%%%%%%%
% STATISTICAL MECHANICS %
%%%%%%%%%%%%%%%%%%%%%%%%%

@book{Physics:Schwabl2006,
author    = {Schwabl, F.},
title     = {Statistical Mechanics},
publisher = {Springer-Verlag Berlin Heidelberg},
year      = {2006},
edition   = {2},
series    = {Advanced Texts in Physics},
doi       = {10.1007/3-540-36217-7},
}


%%%%%%%%%%%%%%%
% LATTICE QCD %
%%%%%%%%%%%%%%%

@book{Physics:Gattringer2010,
author    = {Gattringer, C. and Lang, C.~B.},
title     = {Quantum Chromodynamics on the Lattice: An Introductory Presentation},
publisher = {Springer-Verlag Berlin Heidelberg},
year      = {2010},
series    = {Lecture Notes in Physics},
number    = {788},
doi       = {10.1007/978-3-642-01850-3},
}

@book{Physics:Rothe2012,
author    = {Rothe, H.~J.},
title     = {Lattice Gauge Theories: An Introduction},
publisher = {World Scientific},
year      = {2012},
edition   = {4},
series    = {World Scientific Lecture Notes in Physics},
number    = {82},
}


%%%%%%%%%%%%%%%%%%%%%%%%%
% COMPUTATIONAL PHYSICS %
%%%%%%%%%%%%%%%%%%%%%%%%%

@book{Physics:Sanz-Serna1994,
author    = {Sanz-Serna, J.~M. and Calvo, M.~P.},
title     = {Numerical Hamiltonian Problems},
publisher = {Chapman \& Hall/CRC},
address   = {London, UK},
year      = {1994},
series    = {Applied Mathematics and Mathematical Computation},
number    = {7},
}

@book{Physics:Leimkuhler2004,
author    = {Leimkuhler, B. and Reich, S.},
title     = {Simulating Hamiltonian Dynamics},
publisher = {Cambridge University Press},
address   = {Cambridge, UK},
year      = {2004},
series    = {Cambridge Monographs on Applied and Computational Mathematics},
number    = {14},
doi       = {10.1017/CBO9780511614118},
}

@book{Physics:Hairer2006,
author    = {Hairer, E. and Lubich, C. and Wanner, G.},
title     = {Geometric Numerical Integration: Structure-Preserving Algorithms for Ordinary Differential Equations},
publisher = {Springer-Verlag Berlin Heidelberg},
year      = {2006},
edition   = {2},
series    = {Springer Series in Computational Mathematics},
number    = {31},
doi       = {10.1007/3-540-30666-8},
}

@article{Physics:Hairer2003,
author    = {Hairer, E. and Lubich, C. and Wanner, G.},
title     = {Geometric numerical integration illustrated by the {S}t\"{o}rmer-{V}erlet method},
journal   = ActaNumerica,
year      = {2003},
volume    = {12},
pages     = {399--450},
issn      = {1474-0508},
doi       = {10.1017/S0962492902000144},
}
% journal   = {Acta Numerica},
% url       = {http://journals.cambridge.org/article_S0962492902000144},


%%%%%%%%%%%%%%%%%
% HEAT EQUATION %
%%%%%%%%%%%%%%%%%

@book{Physics:Minkowycz2006,
editor    = {Minkowycz, W.~J. and Sparrow, E.~M. and Murthy, J.~Y.},
title     = {Handbook of Numerical Heat Transfer},
publisher = {John Wiley \& Sons, Inc.},
address   = {Hoboken, New Jersey, USA},
year      = {2006},
edition   = {2},
doi       = {10.1002/9780470172599},
}

@book{Physics:Hahn2012,
author    = {Hahn, D.~W. and \"{O}zi\c{s}ik, M.~N.},
title     = {Heat Conduction},
publisher = {John Wiley \& Sons, Inc.},
address   = {Hoboken, New Jersey, USA},
year      = {2012},
edition   = {3},
doi       = {10.1002/9781118411285},
}

@book{Physics:Taler2006,
author    = {Taler, J. and Duda, P.},
title     = {Solving Direct and Inverse Heat Conduction Problems},
publisher = {Springer-Verlag Berlin Heidelberg},
year      = {2006},
doi       = {10.1007/978-3-540-33471-2},
}


%%%%%%%%%%%%%
% HYDROLOGY %
%%%%%%%%%%%%%

% BOOKS

@book{Physics:Wagener2004,
author    = {Wagener, T. and Wheater, H.~S. and Gupta, H.~V.},
title     = {Rainfall-Runoff Modelling in Gauged and Ungauged Catchments},
publisher = {Imperial College Press},
address   = {London, UK},
year      = {2004},
doi       = {10.1142/9781860945397},
}

@book{Physics:Brutsaert2005,
author    = {Brutsaert, W.},
title     = {Hydrology: An Introduction},
publisher = {Cambridge University Press},
address   = {Cambridge, UK},
year      = {2005},
doi       = {10.1017/CBO9780511808470},
}

@book{Physics:Beven2009,
author    = {Beven, K.},
title     = {Environmental Modelling: An Uncertain Future?},
publisher = {Routledge},
address   = {Abingdon, Oxfordshire, UK},
year      = {2009},
}
% title     = {Environmental Modelling: An Uncertain Future? An introduction to techniques for uncertainty estimation in environmental prediction},

@book{Physics:Beven2012,
author    = {Beven, K.},
title     = {Rainfall-Runoff Modelling: The Primer},
publisher = {Wiley-Blackwell},
address   = {Chichester, West Sussex, UK},
year      = {2012},
edition   = {2},
doi       = {10.1002/9781119951001},
}
% publisher = {John Wiley \& Sons, Ltd.},

@book{Physics:Naghettini2017,
editor    = {Naghettini, M.},
title     = {Fundamentals of Statistical Hydrology},
publisher = {Springer International Publishing},
address   = {Cham, Switzerland},
year      = {2017},
doi       = {10.1007/978-3-319-43561-9},
}

% ARTICLES

@article{Physics:Singh2002,
author    = {Singh, V.~P. and Woolhiser, D.~A.},
title     = {Mathematical Modeling of Watershed Hydrology},
journal   = JournalofHydrologicEngineering,
year      = {2002},
volume    = {7},
number    = {4},
pages     = {270--292},
doi       = {10.1061/(ASCE)1084-0699(2002)7:4(270)},
}
% journal   = {Journal of Hydrologic Engineering},

@article{Physics:Todini2007,
author    = {Todini, E.},
title     = {Hydrological catchment modelling: past, present and future},
journal   = HydrologyandEarthSystemSciences,
year      = {2007},
volume    = {11},
number    = {1},
pages     = {468--482},
doi       = {10.5194/hess-11-468-2007},
}
% journal   = {Hydrology and Earth System Sciences},
% url       = {http://www.hydrol-earth-syst-sci.net/11/468/2007/},

@article{Physics:Todini2011,
author    = {Todini, E.},
title     = {History and perspectives of hydrological catchment modelling},
journal   = HydrologyResearch,
year      = {2011},
volume    = {42},
number    = {2--3},
pages     = {73--85},
issn      = {0029-1277},
doi       = {10.2166/nh.2011.096},
publisher = {IWA Publishing},
}
% journal   = {Hydrology Research},
% url       = {http://hr.iwaponline.com/content/42/2-3/73},
% eprint    = {http://hr.iwaponline.com/content/42/2-3/73.full.pdf},


%%%%%%%%
% MISC %
%%%%%%%%

@book{Physics:Zeh2007,
author    = {Zeh, H.~D.},
title     = {The Physical Basis of The Direction of Time},
publisher = {Springer},
year      = {2007},
edition   = {5},
series    = {The Frontiers Collection},
doi       = {10.1007/978-3-540-68001-7},
}

@book{Physics:Rosen2008,
author    = {Rosen, J.},
title     = {Symmetry Rules: How Science and Nature Are Founded on Symmetry},
publisher = {Springer},
year      = {2008},
series    = {The Frontiers Collection},
doi       = {10.1007/978-3-540-75973-7},
}

