

%%%%%%%%%%%
% PHYSICS %
%%%%%%%%%%%
@string{Science                                                                               = {Science}}
@string{NaturePhysics                                                                         = {Nature Physics}}
@string{Entropy                                                                               = {Entropy}}
@string{PMCPhysicsA                                                                           = {PMC Physics A}}
@string{JournalofComputationalPhysics                                                         = {Journal of Computational Physics}}
@string{CommunicationsinComputationalPhysics                                                  = {Communications in Computational Physics}}
@string{ComputerPhysicsCommunications                                                         = {Computer Physics Communications}}
@string{PhysicsLettersB                                                                       = {Physics Letters B}}
@string{PhysicalReviewB                                                                       = {Physical Review B}}
@string{PhysicalReviewD                                                                       = {Physical Review D}}
@string{PhysicalReviewE                                                                       = {Physical Review E}}
@string{PhysicalReviewLetters                                                                 = {Physical Review Letters}}
@string{PhysicalReview                                                                        = {Physical Review}}
@string{PhysicaDNonlinearPhenomena                                                            = {Physica D: Nonlinear Phenomena}}
@string{JournalofPhysicsGNuclearandParticlePhysics                                            = {Journal of Physics G: Nuclear and Particle Physics}}
@string{ReviewsofModernPhysics                                                                = {Reviews of Modern Physics}}
@string{ReportsonProgressinPhysics                                                            = {Reports on Progress in Physics}}
@string{JournalofGeophysics                                                                   = {Journal of Geophysics}}
@string{JournalofAppliedGeophysics                                                            = {Journal of Applied Geophysics}}
@string{JournalofGeophysicalResearchOceans                                                    = {Journal of Geophysical Research: Oceans}}
@string{JournalofGeophysicalResearchAtmospheres                                               = {Journal of Geophysical Research: Atmospheres}}
@string{GeophysicalJournalInternational                                                       = {Geophysical Journal International}}
@string{Geophysics                                                                            = {Geophysics}}
@string{GeophysicalResearchLetters                                                            = {Geophysical Research Letters}}
@string{InternationalJournalofChemicalKinetics                                                = {International Journal of Chemical Kinetics}}
@string{TheJournalofChemicalPhysics                                                           = {The Journal of Chemical Physics}}
@string{TheJournalofPhysicalChemistryA                                                        = {The Journal of Physical Chemistry A}}
@string{JournalofMathematicalChemistry                                                        = {Journal of Mathematical Chemistry}}
@string{JournalofMathematicalPhysics                                                          = {Journal of Mathematical Physics}}
@string{JournalofStatisticalPhysics                                                           = {Journal of Statistical Physics}}
@string{InternationalJournalofHeatandMassTransfer                                             = {International Journal of Heat and Mass Transfer}}
@string{HeatTransferEngineering                                                               = {Heat Transfer Engineering}}
@string{JournalofHeatTransfer                                                                 = {Journal of Heat Transfer}}
@string{NumericalHeatTransferPartAApplications                                                = {Numerical Heat Transfer, Part A: Applications}}
@string{NumericalHeatTransferPartBFundamentals                                                = {Numerical Heat Transfer, Part B: Fundamentals}}
@string{InternationalJournalofNumericalMethodsforHeatandFluidFlow                             = {International Journal of Numerical Methods for Heat and Fluid Flow}}
@string{MonthlyNoticesoftheRoyalAstronomicalSociety                                           = {Monthly Notices of the Royal Astronomical Society}}
@string{MultiscaleModelingSimulation                                                          = {Multiscale Modeling \& Simulation}}
@string{JournalofComputationalDynamics                                                        = {Journal of Computational Dynamics}}
@string{AnnualReviewofFluidMechanics                                                          = {Annual Review of Fluid Mechanics}}
@string{JournalofFluidsEngineering                                                            = {Journal of Fluids Engineering}}
@string{InternationalJournalforNumericalMethodsinFluids                                       = {International Journal for Numerical Methods in Fluids}}
@string{ClassicalandQuantumGravity                                                            = {Classical and Quantum Gravity}}
@string{JournalofPhysicsConferenceSeries                                                      = {Journal of Physics: Conference Series}}
@string{AIPConferenceProceedings                                                              = {AIP Conference Proceedings}}
@string{NonlinearAnalysisRealWorldApplications                                                = {Nonlinear Analysis: Real World Applications}}
@string{NuclearInstrumentsandMethodsinPhysicsResearchA                                        = {Nuclear Instruments and Methods in Physics Research Section A: Accelerators, Spectrometers, Detectors and Associated Equipment}}


%%%%%%%%%%%%%%%
% GEOSCIENCES %
%%%%%%%%%%%%%%%
@string{MonthlyWeatherReview                                                                  = {Monthly Weather Review}}
@string{QuarterlyJournaloftheRoyalMeteorologicalSociety                                       = {Quarterly Journal of the Royal Meteorological Society}}
@string{ComputersGeosciences                                                                  = {Computers & Geosciences}}
@string{ComputationalGeosciences                                                              = {Computational Geosciences}}
@string{EnvironmentalModellingSoftware                                                        = {Environmental Modelling \& Software}}
@string{HydrologyandEarthSystemSciences                                                       = {Hydrology and Earth System Sciences}}
@string{HydrologyResearch                                                                     = {Hydrology Research}}
@string{JournalofHydrology                                                                    = {Journal of Hydrology}}
@string{AdvancesinWaterResources                                                              = {Advances in Water Resources}}
@string{WaterResourcesResearch                                                                = {Water Resources Research}}
@string{StochasticEnvironmentalResearchandRiskAssessment                                      = {Stochastic Environmental Research and Risk Assessment}}
@string{Environmetrics                                                                        = {Environmetrics}}
@string{WaterScienceandTechnology                                                             = {Water Science and Technology}}
@string{PhysicsandChemistryoftheEarth                                                         = {Physics and Chemistry of the Earth}}
@string{WaterAirSoilPollution                                                                 = {Water, Air, \& Soil Pollution}}


%%%%%%%%%%%%%%
% STATISTICS %
%%%%%%%%%%%%%%
@string{ComputationalStatisticsDataAnalysis                                                   = {Computational Statistics \& Data Analysis}}
@string{JournaloftheRoyalStatisticalSocietySeriesAStatisticsinSociety                         = {Journal of the Royal Statistical Society: Series A (Statistics in Society)}}
@string{JournaloftheRoyalStatisticalSocietySeriesBStatisticalMethodology                      = {Journal of the Royal Statistical Society: Series B (Statistical Methodology)}}
@string{JournaloftheRoyalStatisticalSocietySeriesCAppliedStatistics                           = {Journal of the Royal Statistical Society: Series C (Applied Statistics)}}
@string{JournaloftheRoyalStatisticalSocietySeriesDTheStatistician                             = {Journal of the Royal Statistical Society: Series D (The Statistician)}}
@string{JournaloftheRoyalStatisticalSocietySeriesBMethodological                              = {Journal of the Royal Statistical Society: Series B (Methodological)}}
@string{TheAmericanStatistician                                                               = {The American Statistician}}
@string{JournaloftheAmericanStatisticalAssociation                                            = {Journal of the American Statistical Association}}
@string{StatisticalScience                                                                    = {Statistical Science}}
@string{BritishJournalofMathematicalandStatisticalPsychology                                  = {British Journal of Mathematical and Statistical Psychology}}
@string{JournalofComputationalandGraphicalStatistics                                          = {Journal of Computational and Graphical Statistics}}
@string{StatisticsinMedicine                                                                  = {Statistics in Medicine}}
@string{StatisticsProbabilityLetters                                                          = {Statistics \& Probability Letters}}
@string{StatisticaSinica                                                                      = {Statistica Sinica}}
@string{SpatialStatistics                                                                     = {Spatial Statistics}}
@string{CanadianJournalofStatistics                                                           = {Canadian Journal of Statistics}}
@string{TheAnnalsofStatistics                                                                 = {The Annals of Statistics}}
@string{TheAnnalsofMathematicalStatistics                                                     = {The Annals of Mathematical Statistics}}
@string{TheAnnalsofAppliedStatistics                                                          = {The Annals of Applied Statistics}}
@string{TheAnnalsofAppliedProbability                                                         = {The Annals of Applied Probability}}
@string{TrabajosdeEstadisticaYdeInvestigacionOperativa                                        = {Trabajos de Estad\'{i}stica Y de Investigaci\'{o}n Operativa}}
@string{JournalofEducationalStatistics                                                        = {Journal of Educational Statistics}}
@string{JournalofEducationalandBehavioralStatistics                                           = {Journal of Educational and Behavioral Statistics}}
@string{ReviewofEducationalResearch                                                           = {Review of Educational Research}}
@string{JournalofAgriculturalBiologicalandEnvironmentalStatistics                             = {Journal of Agricultural, Biological, and Environmental Statistics}}
@string{Biometrika                                                                            = {Biometrika}}
@string{Biometrics                                                                            = {Biometrics}}
@string{Metrika                                                                               = {Metrika}}
@string{Technometrics                                                                         = {Technometrics}}
@string{JournalofEconometrics                                                                 = {Journal of Econometrics}}
@string{JournalofAppliedEconometrics                                                          = {Journal of Applied Econometrics}}
@string{Econometrica                                                                          = {Econometrica}}
@string{SankhyaTheIndianJournalofStatisticsSeriesA                                            = {Sankhya: The Indian Journal of Statistics. Series A}}
@string{StatisticsandComputing                                                                = {Statistics and Computing}}
@string{StatisticalModelling                                                                  = {Statistical Modelling}}
@string{JournalofMultivariateAnalysis                                                         = {Journal of Multivariate Analysis}}
@string{JournalofStatisticalPlanningandInference                                              = {Journal of Statistical Planning and Inference}}
@string{InternationalStatisticalReview                                                        = {International Statistical Review}}
@string{JournaloftheItalianStatisticalSociety                                                 = {Journal of the Italian Statistical Society}}
@string{JournaloftheAustralianMathematicalSocietySeriesA                                      = {Journal of the Australian Mathematical Society (Series A)}}
@string{StatisticalPapers                                                                     = {Statistical Papers}}
@string{StatisticsSurveys                                                                     = {Statistics Surveys}}
@string{StatisticalMethodology                                                                = {Statistical Methodology}}
@string{JournalofStatisticalComputationandSimulation                                          = {Journal of Statistical Computation and Simulation}}
@string{ScandinavianJournalofStatistics                                                       = {Scandinavian Journal of Statistics}}
@string{AnnualReviewofStatisticsandItsApplication                                             = {Annual Review of Statistics and Its Application}}
@string{ElectronicJournalofStatistics                                                         = {Electronic Journal of Statistics}}
@string{WileyInterdisciplinaryReviewsComputationalStatistics                                  = {Wiley Interdisciplinary Reviews: Computational Statistics}}
@string{CommunicationsinStatisticsTheoryandMethods                                            = {Communications in Statistics - Theory and Methods}}
@string{StatisticsAJournalofTheoreticalandAppliedStatistics                                   = {Statistics: A Journal of Theoretical and Applied Statistics}}
@string{StatisticaNeerlandica                                                                 = {Statistica Neerlandica}}
@string{JournalofStatisticalSoftware                                                          = {Journal of Statistical Software}}
% Bayesian
@string{BayesianAnalysis                                                                      = {Bayesian Analysis}}
% Probability
@string{StochasticProcessesandtheirApplications                                               = {Stochastic Processes and their Applications}}
@string{Bernoulli                                                                             = {Bernoulli}}
@string{ProbabilitySurveys                                                                    = {Probability Surveys}}
@string{MethodologyAndComputingInAppliedProbability                                           = {Methodology And Computing In Applied Probability}}
% Graphical
@string{NeuralNetworks                                                                        = {Neural Networks}}
% Medicine
@string{ArtificialIntelligenceinMedicine                                                      = {Artificial Intelligence in Medicine}}
% Measurements
@string{MeasurementScienceandTechnology                                                       = {Measurement Science and Technology}}
@string{Measurement                                                                           = {Measurement}}
@string{Metrologia                                                                            = {Metrologia}}
% Machine Learning
@string{ArtificialIntelligenceReview                                                          = {Artificial Intelligence Review}}
@string{MachineLearning                                                                       = {Machine Learning}}
@string{JournalofMachineLearningResearch                                                      = {Journal of Machine Learning Research}}
@string{FoundationsandTrendsinMachineLearning                                                 = {Foundations and Trends in Machine Learning}}
@string{IEEETransactionsonPatternAnalysisandMachineIntelligence                               = {IEEE Transactions on Pattern Analysis and Machine Intelligence}}
@string{Neurocomputing                                                                        = {Neurocomputing}}
% Misc
@string{ComputationalStatistics                                                               = {Computational Statistics}}
@string{Test                                                                                  = {Test}}
@string{SignalProcessing                                                                      = {Signal Processing}}
@string{DigitalSignalProcessing                                                               = {Digital Signal Processing}}
@string{Significance                                                                          = {Significance}}
@string{LifetimeDataAnalysis                                                                  = {Lifetime Data Analysis}}


%%%%%%
% UQ %
%%%%%%
@string{InternationalJournalforUncertaintyQuantification                                      = {International Journal for Uncertainty Quantification}}
@string{SIAMASAJournalonUncertaintyQuantification                                             = {SIAM/ASA Journal on Uncertainty Quantification}}
@string{ASCEASMEJournalofRiskandUncertaintyinEngineeringSystemsPartACivilEngineering          = {ASCE-ASME Journal of Risk and Uncertainty in Engineering Systems, Part A: Civil Engineering}}
@string{JournalofVerificationValidationandUncertaintyQuantification                           = {Journal of Verification, Validation and Uncertainty Quantification}}


%%%%%%%%%%%%%%%
% ENGINEERING %
%%%%%%%%%%%%%%%
% Reliability & Safety & Risk
@string{ReliabilityEngineeringSystemSafety                                                    = {Reliability Engineering \& System Safety}}
@string{StructuralSafety                                                                      = {Structural Safety}}
@string{InternationalJournalofReliabilityandSafety                                            = {International Journal of Reliability and Safety}}
@string{GeoriskAssessmentandManagementofRiskforEngineeredSystemsandGeohazards                 = {Georisk: Assessment and Management of Risk for Engineered Systems and Geohazards}}
@string{AccidentAnalysisPrevention                                                            = {Accident Analysis \& Prevention}}
@string{JournalofCivilStructuralHealthMonitoring                                              = {Journal of Civil Structural Health Monitoring}}
@string{StructuralControlandHealthMonitoring                                                  = {Structural Control and Health Monitoring}}
@string{StructuralHealthMonitoring                                                            = {Structural Health Monitoring}}
@string{RiskAnalysis                                                                          = {Risk Analysis}}
@string{NaturalHazards                                                                        = {Natural Hazards}}
@string{InternationalJournalofRiskAssessmentandManagement                                     = {International Journal of Risk Assessment and Management}}
% Civil Engineering
@string{EngineeringStructures                                                                 = {Engineering Structures}}
@string{CanadianJournalofCivilEngineering                                                     = {Canadian Journal of Civil Engineering}}
@string{CivilEngineeringandEnvironmentalSystems                                               = {Civil Engineering and Environmental Systems}}
% Mechanical Engineering
@string{JournalofEngineeringMechanics                                                         = {Journal of Engineering Mechanics}}
@string{JournalofStructuralEngineering                                                        = {Journal of Structural Engineering}}
@string{ProbabilisticEngineeringMechanics                                                     = {Probabilistic Engineering Mechanics}}
@string{JournalofSoundandVibration                                                            = {Journal of Sound and Vibration}}
@string{EngineeringMechanics                                                                  = {Engineering Mechanics}}
@string{MechanicalSystemsandSignalProcessing                                                  = {Mechanical Systems and Signal Processing}}
@string{EuropeanJournalofComputationalMechanics                                               = {European Journal of Computational Mechanics}}
@string{ComptesRendusMecanique                                                                = {Comptes Rendus M\'{e}canique}}
@string{ComptesRendusMathematique                                                             = {Comptes Rendus Mathematique}}
@string{JournalofDynamicSystemsMeasurementandControl                                          = {Journal of Dynamic Systems, Measurement, and Control}}
@string{InternationalJournalofControl                                                         = {International Journal of Control}}
@string{JournalofBasicEngineering                                                             = {Journal of Basic Engineering}}
@string{ArchivesofMechanics                                                                   = {Archives of Mechanics}}
@string{EngineeringFractureMechanics                                                          = {Engineering Fracture Mechanics}}
@string{ZAMM                                                                                  = {ZAMM - Journal of Applied Mathematics and Mechanics / Zeitschrift f\"{u}r Angewandte Mathematik und Mechanik}}
@string{ProceedingsoftheInstitutionofMechanicalEngineersPartKJournalofMultibodyDynamics       = {Proceedings of the Institution of Mechanical Engineers, Part K: Journal of Multi-body Dynamics}}
% Computing
@string{ComputersStructures                                                                   = {Computers \& Structures}}
@string{ComputationalMechanics                                                                = {Computational Mechanics}}
@string{JournalofComputationalScience                                                         = {Journal of Computational Science}}
@string{JournalofComputinginCivilEngineering                                                  = {Journal of Computing in Civil Engineering}}
@string{ComputerAidedCivilandInfrastructureEngineering                                        = {Computer-Aided Civil and Infrastructure Engineering}}
@string{JournalofAppliedMechanics                                                             = {Journal of Applied Mechanics}}
@string{ArchiveofAppliedMechanics                                                             = {Archive of Applied Mechanics}}
@string{AppliedMechanicsReviews                                                               = {Applied Mechanics Reviews}}
@string{ArchivesofComputationalMethodsinEngineering                                           = {Archives of Computational Methods in Engineering}}
@string{InternationalJournalofAppliedMechanics                                                = {International Journal of Applied Mechanics}}
@string{ComputerMethodsinAppliedMechanicsandEngineering                                       = {Computer Methods in Applied Mechanics and Engineering}}
@string{InternationalJournalforNumericalMethodsinEngineering                                  = {International Journal for Numerical Methods in Engineering}}
@string{AsiaPacificJournalonComputationalEngineering                                          = {Asia Pacific Journal on Computational Engineering}}
@string{EngineeringComputations                                                               = {Engineering Computations}}
@string{AdvancesinEngineeringSoftware                                                         = {Advances in Engineering Software}}
@string{AdvancedModelingandSimulationinEngineeringSciences                                    = {Advanced Modeling and Simulation in Engineering Sciences}}
@string{CommunicationsinNumericalMethodsinEngineering                                         = {Communications in Numerical Methods in Engineering}}
% Classical & Misc
@string{JournalofOffshoreMechanicsandArcticEngineering                                        = {Journal of Offshore Mechanics and Arctic Engineering}}
@string{BulletinofEarthquakeEngineering                                                       = {Bulletin of Earthquake Engineering}}
@string{ProceedingsoftheIEEE                                                                  = {Proceedings of the IEEE}}
@string{IEEETransactionsonKnowledgeandDataEngineering                                         = {IEEE Transactions on Knowledge and Data Engineering}}
@string{IEEETransactionsonAerospaceandElectronicSystems                                       = {IEEE Transactions on Aerospace and Electronic Systems}}
@string{IEEETransactionsonMagnetics                                                           = {IEEE Transactions on Magnetics}}
@string{IEEETransactionsonSignalProcessing                                                    = {IEEE Transactions on Signal Processing}}
@string{IEEETransactionsonSystemsScienceandCybernetics                                        = {IEEE Transactions on Systems Science and Cybernetics}}
@string{IEEETransactionsonReliability                                                         = {IEEE Transactions on Reliability}}
@string{StructureandInfrastructureEngineering                                                 = {Structure and Infrastructure Engineering}}
@string{JournalofMechanicalDesign                                                             = {Journal of Mechanical Design}}
@string{ConstructionandBuildingMaterials                                                      = {Construction and Building Materials}}
% Aerospace
@string{AIAAJournal                                                                           = {AIAA Journal}}
@string{JournalofAerospaceInformationSystems                                                  = {Journal of Aerospace Information Systems}}
@string{JournalofGuidanceControlandDynamics                                                   = {Journal of Guidance, Control, and Dynamics}}
@string{JournalofSpacecraftandRockets                                                         = {Journal of Spacecraft and Rockets}}
@string{ProgressinAerospaceSciences                                                           = {Progress in Aerospace Sciences}}
@string{JournalofAircraft                                                                     = {Journal of Aircraft}}
% Masonry
@string{MasonryInternational                                                                  = {Masonry International}}
@string{AdvancedMaterialsResearch                                                             = {Advanced Materials Research}}
% Mathematical
@string{StructuralandMultidisciplinaryOptimization                                            = {Structural and Multidisciplinary Optimization}}
% Misc
@string{TheBellSystemTechnicalJournal                                                         = {The Bell System Technical Journal}}
@string{JournalofHydrologicEngineering                                                        = {Journal of Hydrologic Engineering}}
@string{JournaloftheMechanicsandPhysicsofSolids                                               = {Journal of the Mechanics and Physics of Solids}}
@string{JournalofEngineeringMaterialsandTechnology                                            = {Journal of Engineering Materials and Technology}}
@string{JournalofVibrationandControl                                                          = {Journal of Vibration and Control}}
@string{AnnalsofNuclearEnergy                                                                 = {Annals of Nuclear Energy}}
@string{JournalofMarineScienceandTechnology                                                   = {Journal of Marine Science and Technology}}
@string{InternationalJournalforNumericalandAnalyticalMethodsinGeomechanics                    = {International Journal for Numerical and Analytical Methods in Geomechanics}}


%%%%%%%%%%%%%
% INVERSION %
%%%%%%%%%%%%%
@string{InverseProblems                                                                       = {Inverse Problems}}
@string{JournalofInverseandIllposedProblems                                                   = {Journal of Inverse and Ill-posed Problems}}
@string{InverseProblemsinScienceandEngineering                                                = {Inverse Problems in Science and Engineering}}
@string{InverseProblemsandImaging                                                             = {Inverse Problems and Imaging}}


%%%%%%%%%%%%%%%
% MATHEMATICS %
%%%%%%%%%%%%%%%
@string{TheAmericanMathematicalMonthly                                                        = {The American Mathematical Monthly}}
@string{ActaNumerica                                                                          = {Acta Numerica}}
@string{ActaMathematica                                                                       = {Acta Mathematica}}
@string{SIAMReview                                                                            = {SIAM Review}}
@string{SIAMJournalonMathematicalAnalysis                                                     = {SIAM Journal on Mathematical Analysis}}
@string{SIAMJournalonImagingSciences                                                          = {SIAM Journal on Imaging Sciences}}
@string{SIAMJournalonScientificComputing                                                      = {SIAM Journal on Scientific Computing}}
@string{SIAMJournalonNumericalAnalysis                                                        = {SIAM Journal on Numerical Analysis}}
@string{SIAMJournalonOptimization                                                             = {SIAM Journal on Optimization}}
@string{JournalofScientificComputing                                                          = {Journal of Scientific Computing}}
@string{FoundationsofComputationalMathematics                                                 = {Foundations of Computational Mathematics}}
@string{InternationalJournalofComputerMathematics                                             = {International Journal of Computer Mathematics}}
@string{MathematicalStructuresinComputerScience                                               = {Mathematical Structures in Computer Science}}
@string{MathematicsandComputersinSimulation                                                   = {Mathematics and Computers in Simulation}}
@string{JournaloftheACM                                                                       = {Journal of the ACM}}
@string{MethodsandApplicationsofAnalysis                                                      = {Methods and Applications of Analysis}}
@string{DukeMathematicalJournal                                                               = {Duke Mathematical Journal}}
@string{FarEastJournalofMathematicalSciences                                                  = {Far East Journal of Mathematical Sciences}}
@string{AppliedMathematicalSciences                                                           = {Applied Mathematical Sciences}}
@string{AppliedMathematicalModelling                                                          = {Applied Mathematical Modelling}}
@string{MathematicalBiosciences                                                               = {Mathematical Biosciences}}
@string{ESAIMMathematicalModellingandNumericalAnalysis                                        = {ESAIM: Mathematical Modelling and Numerical Analysis}}
@string{ESAIMProceedings                                                                      = {ESAIM: Proceedings}}
@string{TheMathematicalIntelligencer                                                          = {The Mathematical Intelligencer}}
@string{JournalofMathematicalSciences                                                         = {Journal of Mathematical Sciences}}
@string{JournalofMathematicalPsychology                                                       = {Journal of Mathematical Psychology}}
@string{TheMichiganMathematicalJournal                                                        = {The Michigan Mathematical Journal}}
@string{BITNumericalMathematics                                                               = {BIT Numerical Mathematics}}
@string{JournalofAppliedProbability                                                           = {Journal of Applied Probability}}
@string{JournalofTheoreticalProbability                                                       = {Journal of Theoretical Probability}}
@string{FundamentaMathematicae                                                                = {Fundamenta Mathematicae}}
@string{CommunicationsonPureandAppliedMathematics                                             = {Communications on Pure and Applied Mathematics}}
@string{JournalofComputationalandAppliedMathematics                                           = {Journal of Computational and Applied Mathematics}}
@string{BulletinoftheAmericanMathematicalSociety                                              = {Bulletin of the American Mathematical Society}}
@string{JournalofOptimizationTheoryandApplications                                            = {Journal of Optimization Theory and Applications}}
@string{JournalofGlobalOptimization                                                           = {Journal of Global Optimization}}
@string{RussianMathematicalSurveys                                                            = {Russian Mathematical Surveys}}
@string{AmericanJournalofMathematics                                                          = {American Journal of Mathematics}}
@string{AnnalsofMathematics                                                                   = {Annals of Mathematics}}
@string{MathematicsofOperationsResearch                                                       = {Mathematics of Operations Research}}
@string{JournalofComplexity                                                                   = {Journal of Complexity}}
@string{HistoriaMathematica                                                                   = {Historia Mathematica}}
@string{JournaloftheInstituteofMathematicsanditsApplications                                  = {Journal of the Institute of Mathematics and its Applications}}
@string{CommunicationsinAppliedMathematicsandComputationalScience                             = {Communications in Applied Mathematics and Computational Science}}


%%%%%%%%%%%%%%%%%%%%
% COMPUTER SCIENCE %
%%%%%%%%%%%%%%%%%%%%
@string{TheComputerJournal                                                                    = {The Computer Journal}}
@string{MathematicsofComputation                                                              = {Mathematics of Computation}}
@string{DataMiningandKnowledgeDiscovery                                                       = {Data Mining and Knowledge Discovery}}
@string{MathematicalModellingandComputationalExperiment                                       = {Mathematical Modelling and Computational Experiment}}


%%%%%%%%%%%%%%
% PHILOSOPHY %
%%%%%%%%%%%%%%
@string{Synthese                                                                              = {Synthese}}
@string{Erkenntnis                                                                            = {Erkenntnis}}
@string{PhilosophiaMathematica                                                                = {Philosophia Mathematica}}
@string{PhilosophyofScience                                                                   = {Philosophy of Science}}
@string{TheBritishJournalforthePhilosophyofScience                                            = {The British Journal for the Philosophy of Science}}
@string{PhilosophicalTransactions                                                             = {Philosophical Transactions}}
@string{PhilosophicalTransactionsoftheRoyalSocietyofLondonA                                   = {Philosophical Transactions of the Royal Society of London A: Mathematical, Physical and Engineering Sciences}}
@string{ProceedingsoftheRoyalSocietyofLondonA                                                 = {Proceedings of the Royal Society of London A: Mathematical, Physical and Engineering Sciences}}
@string{JournaloftheRoyalSocietyInterface                                                     = {Journal of the Royal Society Interface}}
@string{MathematicalProceedingsoftheCambridgePhilosophicalSociety                             = {Mathematical Proceedings of the Cambridge Philosophical Society}}
@string{EuropeanJournalforPhilosophyofScience                                                 = {European Journal for Philosophy of Science}}
@string{InternationalStudiesinthePhilosophyofScience                                          = {International Studies in the Philosophy of Science}}


%%%%%%%%
% MISC %
%%%%%%%%
@string{AmericanScientist                                                                     = {American Scientist}}
@string{Genetics                                                                              = {Genetics}}
@string{FrontiersinGenetics                                                                   = {Frontiers in Genetics}}
@string{SystematicBiology                                                                     = {Systematic Biology}}
@string{BioScience                                                                            = {BioScience}}
@string{Bioinformatics                                                                        = {Bioinformatics}}
@string{BMCBioinformatics                                                                     = {BMC Bioinformatics}}
@string{BMCMedicalResearchMethodology                                                         = {BMC Medical Research Methodology}}
@string{PLoSComputationalBiology                                                              = {PLoS Computational Biology}}
@string{Heredity                                                                              = {Heredity}}
@string{NeuralComputation                                                                     = {Neural Computation}}
@string{NeuralComputingandApplications                                                        = {Neural Computing and Applications}}
@string{NetworkComputationinNeuralSystems                                                     = {Network: Computation in Neural Systems}}
@string{ComputerMethodsandProgramsinBiomedicine                                               = {Computer Methods and Programs in Biomedicine}}
@string{StatisticalMethodsinMedicalResearch                                                   = {Statistical Methods in Medical Research}}
@string{FoodQualityandPreference                                                              = {Food Quality and Preference}}
@string{InternationalJournalofFoodMicrobiology                                                = {International Journal of Food Microbiology}}
@string{EcologicalInformatics                                                                 = {Ecological Informatics}}
@string{EcologicalModelling                                                                   = {Ecological Modelling}}
@string{ForestScience                                                                         = {Forest Science}}
@string{FieldCropsResearch                                                                    = {Field Crops Research}}
@string{ClimateDynamics                                                                       = {Climate Dynamics}}
@string{InternationalJournalofClimatology                                                     = {International Journal of Climatology}}
@string{JournalofAppliedMeteorologyandClimatology                                             = {Journal of Applied Meteorology and Climatology}}
@string{AtmosphericEnvironment                                                                = {Atmospheric Environment}}
@string{AtmosphericChemistryandPhysics                                                        = {Atmospheric Chemistry and Physics}}
@string{AtmosphericChemistryandPhysicsDiscussions                                             = {Atmospheric Chemistry and Physics Discussions}}
@string{JournaloftheAirPollutionControlAssociation                                            = {Journal of the Air Pollution Control Association}}
@string{AnnualReviewofEcologyEvolutionandSystematics                                          = {Annual Review of Ecology, Evolution, and Systematics}}
@string{EcologyLetters                                                                        = {Ecology Letters}}
@string{ProceedingsoftheNationalAcademyofSciences                                             = {Proceedings of the National Academy of Sciences}}
@string{IntegratedAssessmentJournal                                                           = {Integrated Assessment Journal}}
@string{ManagementScience                                                                     = {Management Science}}
@string{JournalofManagement                                                                   = {Journal of Management}}
@string{EuropeanJournalofOperationalResearch                                                  = {European Journal of Operational Research}}
@string{JournalofEconomicPerspectives                                                         = {Journal of Economic Perspectives}}
@string{StudiesinNonlinearDynamicsandEconometrics                                             = {Studies in Nonlinear Dynamics and Econometrics}}
@string{QuantitativeMarketingandEconomics                                                     = {Quantitative Marketing and Economics}}
@string{EconomicTheory                                                                        = {Economic Theory}}
@string{InternationalEconomicReview                                                           = {International Economic Review}}
@string{JournalofEconomics                                                                    = {Journal of Economics}}
@string{AppliedStochasticModelsinBusinessandIndustry                                          = {Applied Stochastic Models in Business and Industry}}
@string{MathematicalSocialSciences                                                            = {Mathematical Social Sciences}}
@string{PoliticalAnalysis                                                                     = {Political Analysis}}
@string{AmericanJournalofPoliticalScience                                                     = {American Journal of Political Science}}
@string{IIETransactions                                                                       = {IIE Transactions}}
@string{JournalofCrossCulturalPsychology                                                      = {Journal of Cross-Cultural Psychology}}
@string{BritishJournalofPsychology                                                            = {British Journal of Psychology}}
@string{InternationalJournalofPsychology                                                      = {International Journal of Psychology}}
@string{JournalofCircuitsSystemsandComputers                                                  = {Journal of Circuits, Systems and Computers}}
@string{JournalofIntelligentManufacturing                                                     = {Journal of Intelligent Manufacturing}}

