

%%%%%%%%%
% BOOKS %
%%%%%%%%%

% GENERAL

@book{Inversion:Groetsch1993,
author    = {Groetsch, C.~W.},
title     = {Inverse Problems in the Mathematical Sciences},
publisher = {Springer},
address   = {Wiesbaden, Germany},
year      = {1993},
doi       = {10.1007/978-3-322-99202-4},
}

@book{Inversion:Vogel2002,
author    = {Vogel, C.~R.},
title     = {Computational Methods for Inverse Problems},
publisher = {Society for Industrial and Applied Mathematics (SIAM)},
address   = {Philadelphia, Pennsylvania, USA},
year      = {2002},
series    = {Frontiers in Applied Mathematics},
doi       = {10.1137/1.9780898717570},
}

@book{Inversion:Ramm2005,
author    = {Ramm, A.~G.},
title     = {Inverse Problems: Mathematical and Analytical Techniques with Applications to Engineering},
publisher = {Springer},
address   = {New York},
year      = {2005},
doi       = {10.1007/b100958},
}

@book{Inversion:Santamarina2005,
author    = {Santamarina, J.~C. and Fratta, D.},
title     = {Discrete Signals and Inverse Problems: An Introduction for Engineers and Scientists},
publisher = {John Wiley \& Sons, Ltd.},
address   = {Chichester, West Sussex, UK},
year      = {2005},
doi       = {10.1002/0470021896},
}

@book{Inversion:Isakov2006,
author    = {Isakov, V.},
title     = {Inverse Problems for Partial Differential Equations},
publisher = {Springer},
address   = {New York},
year      = {2006},
edition   = {2},
series    = {Applied Mathematical Sciences},
number    = {127},
doi       = {10.1007/0-387-32183-7},
}

@book{Inversion:Kirsch2011,
author    = {Kirsch, A.},
title     = {An Introduction to the Mathematical Theory of Inverse Problems},
publisher = {Springer},
address   = {New York},
year      = {2011},
edition   = {2},
series    = {Applied Mathematical Sciences},
number    = {120},
doi       = {10.1007/978-1-4419-8474-6},
}

@book{Inversion:Samarskii2007,
author    = {Samarskii, A.~A. and Vabishchevich, P.~N.},
title     = {Numerical Methods for Solving Inverse Problems of Mathematical Physics},
publisher = {Walter de Gruyter},
address   = {Berlin, Germany},
year      = {2007},
series    = {Inverse and Ill-Posed Problems Series},
number    = {52},
}

@book{Inversion:Kabanikhin2012,
author    = {Kabanikhin, S.~I.},
title     = {Inverse and Ill-posed Problems: Theory and Applications},
publisher = {Walter de Gruyter},
address   = {Berlin, Germany},
year      = {2012},
series    = {Inverse and Ill-Posed Problems Series},
number    = {55},
}

@book{Inversion:Aster2012,
author    = {Aster, R.~C. and Borchers, B. and Thurber, C.~H.},
title     = {Parameter Estimation and Inverse Problems},
publisher = {Academic Press},
address   = {Waltham, Massachusetts, USA},
year      = {2012},
edition   = {2},
doi       = {10.1016/c2009-0-61134-x},
}

% REGULARIZATION

@book{Inversion:Tikhonov1977,
author    = {Tikhonov, A.~N. and Arsenin, V.~Y.},
title     = {Solution of Ill-posed Problems},
publisher = {Winston \& Sons},
address   = {Washington, D.C., USA},
year      = {1977},
series    = {Scripta Series in Mathematics},
}

@book{Inversion:Tikhonov1995,
author    = {Tikhonov, A.~N. and Goncharsky, A.~V. and Stepanov, V.~V. and Yagola, A.~G.},
title     = {Numerical Methods for the Solution of Ill-Posed Problems},
publisher = {Springer},
adress    = {Dordrecht, Netherlands},
year      = {1995},
series    = {Mathematics and Its Applications},
number    = {328},
doi       = {10.1007/978-94-015-8480-7},
}

@book{Inversion:Engl1996,
author    = {Engl, H.~W. and Hanke, M. and Neubauer, A.},
title     = {Regularization of Inverse Problems},
publisher = {Kluwer Academic Publishers},
address   = {Dordrecht, Netherlands},
year      = {1996},
series    = {Mathematics and Its Applications},
number    = {375},
}

@book{Inversion:Doicu2010,
author    = {Doicu, A. and Trautmann, T. and Schreier, F.},
title     = {Numerical Regularization for Atmospheric Inverse Problems},
publisher = {Springer-Verlag Berlin Heidelberg},
year      = {2010},
series    = {Springer-Praxis Books in Environmental Sciences},
doi       = {10.1007/978-3-642-05439-6},
}

@book{Inversion:Wang2011,
editor    = {Wang, Y. and Yagola, A.~G. and Yang, C.},
title     = {Optimization and Regularization for Computational Inverse Problems and Applications},
publisher = {Springer-Verlag Berlin Heidelberg},
year      = {2011},
doi       = {10.1007/978-3-642-13742-6},
}

% STATISTICAL

@book{Inversion:Tarantola1987,
author    = {Tarantola, A.},
title     = {Inverse Problem Theory: Methods for Data Fitting and Model Parameter Estimation},
publisher = {Elsevier Science B.V.},
address   = {Amsterdam, Netherlands},
year      = {1987},
}

@book{Inversion:Tarantola2005,
author    = {Tarantola, A.},
title     = {Inverse Problem Theory and Methods for Model Parameter Estimation},
publisher = {Society for Industrial and Applied Mathematics (SIAM)},
address   = {Philadelphia, Pennsylvania, USA},
year      = {2005},
doi       = {10.1137/1.9780898717921},
}

@book{Inversion:Kaipio2005,
author    = {Kaipio, J. and Somersalo, E.},
title     = {Statistical and Computational Inverse Problems},
publisher = {Springer},
address   = {New York},
year      = {2005},
series    = {Applied Mathematical Sciences},
number    = {160},
doi       = {10.1007/b138659},
}

% BAYESIAN

@book{Inversion:Idier2008,
editor    = {Idier, J.},
title     = {Bayesian Approach to Inverse Problems},
publisher = {ISTE Ltd},
address   = {London, UK},
year      = {2008},
series    = {Digital Signal and Image Processing Series},
doi       = {10.1002/9780470611197},
}

@book{Inversion:Giovannelli2015,
editor    = {Giovannelli, J.-F. and Idier, J.},
title     = {Regularization and Bayesian Methods for Inverse Problems in Signal and Image Processing},
publisher = {ISTE Ltd},
address   = {London, UK},
year      = {2015},
series    = {Digital Signal and Image Processing Series},
doi       = {10.1002/9781118827253},
}

% LEAST SQUARES

@book{Inversion:Chavent2010,
author    = {Chavent, G.},
title     = {Nonlinear Least Squares for Inverse Problems: Theoretical Foundations and Step-by-Step Guide for Applications},
publisher = {Springer},
address   = {Dordrecht, Netherlands},
year      = {2010},
series    = {Scientific Computation},
doi       = {10.1007/978-90-481-2785-6},
}

% NONLINEAR INVERSE PROBLEMS

@book{Inversion:Mueller2012,
author    = {M\"{u}ller, J.~L. and Siltanen, S.},
title     = {Linear and Nonlinear Inverse Problems with Practical Applications},
publisher = {Society for Industrial and Applied Mathematics (SIAM)},
address   = {Philadelphia, Pennsylvania, USA},
year      = {2012},
series    = {Computational Science and Engineering},
doi       = {10.1137/1.9781611972344},
}

@book{Inversion:Seo2013,
author    = {Seo, J.~K. and Woo, E.~J.},
title     = {Nonlinear Inverse Problems in Imaging},
publisher = {John Wiley \& Sons, Ltd.},
address   = {Chichester, West Sussex, UK},
year      = {2013},
doi       = {10.1002/9781118478141},
}

% LINEAR INVERSE PROBLEMS

@book{Inversion:Hansen1998,
author    = {Hansen, P.~C.},
title     = {Rank-Deficient and Discrete Ill-Posed Problems: Numerical Aspects of Linear Inversion},
publisher = {Society for Industrial and Applied Mathematics (SIAM)},
address   = {Philadelphia, Pennsylvania, USA},
year      = {1998},
series    = {Monographs on Mathematical Modeling and Computation},
doi       = {10.1137/1.9780898719697},
}

@book{Inversion:Hansen2010,
author    = {Hansen, P.~C.},
title     = {Discrete Inverse Problems: Insight and Algorithms},
publisher = {Society for Industrial and Applied Mathematics (SIAM)},
address   = {Philadelphia, Pennsylvania, USA},
year      = {2010},
series    = {Fundamentals of Algorithms},
doi       = {10.1137/1.9780898718836},
}

@book{Inversion:Gzyl2011,
author    = {Gzyl, H. and Vel\'{a}squez, Y.},
title     = {Linear Inverse Problems: The Maximum Entropy Connection},
publisher = {World Scientific Publishing Co. Pte. Ltd.},
address   = {Singapore},
year      = {2011},
series    = {Series on Advances in Mathematics for Applied Sciences},
number    = {83},
doi       = {10.1142/9789814338783},
}

% DISCRETE INVERSE PROBLEMS

@book{Inversion:Wunsch2006,
author    = {Wunsch, C.},
title     = {Discrete Inverse and State Estimation Problems: With Geophysical Fluid Applications},
publisher = {Cambridge University Press},
address   = {Cambridge, UK},
year      = {2006},
doi       = {10.1017/CBO9780511535949},
}


%%%%%%%%%%%%%%%%
% APPLICATIONS %
%%%%%%%%%%%%%%%%

% FINITE ELEMENT MODEL UPDATING

@book{Inversion:Friswell1995,
author    = {Friswell, M.~I. and Mottershead, J.~E.},
title     = {Finite Element Model Updating in Structural Dynamics},
publisher = {Springer},
address   = {Dordrecht, Netherlands},
year      = {1995},
series    = {Solid Mechanics and its Applications},
number    = {38},
doi       = {10.1007/978-94-015-8508-8},
}

@book{Inversion:Marwala2010,
author    = {Marwala, T.},
title     = {Finite-element-model Updating Using Computional Intelligence Techniques: Applications to Structural Dynamics},
publisher = {Springer-Verlag},
address   = {London, UK},
year      = {2010},
doi       = {10.1007/978-1-84996-323-7},
}

@book{Inversion:Marwala2017,
author    = {Marwala, T. and Boulkaibet, I. and Adhikari, S.},
title     = {Probabilistic Finite Element Model Updating Using Bayesian Statistics: Applications to Aeronautical and Mechanical Engineering},
publisher = {John Wiley \& Sons, Ltd.},
address   = {Chichester, West Sussex, UK},
year      = {2017},
}

% ENGINEERING

@book{Inversion:Stavroulakis2001,
author    = {Stavroulakis, G.~E.},
title     = {Inverse and Crack Identification Problems in Engineering Mechanics},
publisher = {Springer},
address   = {Dordrecht, Netherlands},
year      = {2001},
series    = {Applied Optimization},
number    = {46},
doi       = {10.1007/978-1-4615-0019-3},
}

@book{Inversion:Liu2003,
author    = {Liu, G.~R. and Han, X.},
title     = {Computational Inverse Techniques in Nondestructive Evaluation},
publisher = {CRC Press},
address   = {Boca Raton, Florida, USA},
year      = {2003},
doi       = {10.1201/9780203494486},
}

@book{Inversion:Gladwell2004,
author    = {Gladwell, G.~M.~L.},
title     = {Inverse Problems in Vibration},
publisher = {Kluwer Academic Publishers},
address   = {Dordrecht, Netherlands},
year      = {2004},
edition   = {2},
series    = {Solid Mechanics and Its Applications},
number    = {119},
doi       = {10.1007/1-4020-2721-4},
}

@book{Inversion:Bui2006,
author    = {Bui, H.~D.},
title     = {Fracture Mechanics: Inverse Problems and Solutions},
publisher = {Springer},
address   = {Dordrecht, Netherlands},
year      = {2006},
series    = {Solid Mechanics and Its Applications},
number    = {139},
doi       = {10.1007/978-1-4020-4837-1},
}

@book{Inversion:Janno2011,
author    = {Janno, J. and Engelbrecht, J.},
title     = {Microstructured Materials: Inverse Problems},
publisher = {Springer-Verlag Berlin Heidelberg},
year      = {2011},
series    = {Springer Monographs in Mathematics},
doi       = {10.1007/978-3-642-21584-1},
}

% IMAGING

@book{Inversion:Boccacci1998,
author    = {Boccacci, P. and Bertero, M.},
title     = {Introduction to Inverse Problems in Imaging},
publisher = {IOP Publishing Ltd},
address   = {Bristol, UK},
year      = {1998},
doi       = {10.1201/9781439822067},
}

@book{Inversion:Chalmond2003,
author    = {Chalmond, B.},
title     = {Modeling and Inverse Problems in Imaging Analysis},
publisher = {Springer-Verlag},
address   = {New York},
year      = {2003},
series    = {Applied Mathematical Sciences},
number    = {155},
doi       = {10.1007/978-0-387-21662-1},
}

% GEOPHYICS

@book{Inversion:Menke2012,
author    = {Menke, W.},
title     = {Geophysical Data Analysis: Discrete Inverse Theory},
publisher = {Academic Press},
address   = {Waltham, Massachusetts, USA},
year      = {2012},
edition   = {3},
}

@book{Inversion:Sen2013,
author    = {Sen, M.~K. and Stoffa, P.~L.},
title     = {Global Optimization Methods in Geophysical Inversion},
publisher = {Cambridge University Press},
address   = {New York},
year      = {2013},
edition   = {2},
doi       = {10.1017/CBO9780511997570},
}

@book{Inversion:Zhdanov2002,
author    = {Zhdanov, M.~S.},
title     = {Geophysical Inverse Theory and Regularization Problems},
publisher = {Elsevier Science B.V.},
address   = {Amsterdam, Netherlands},
year      = {2002},
series    = {Methods in Geochemistry and Geophysics},
number    = {36},
}

@book{Inversion:Zhdanov2015,
author    = {Zhdanov, M.~S.},
title     = {Inverse Theory and Applications in Geophysics},
publisher = {Elsevier},
address   = {Amsterdam, Netherlands},
year      = {2015},
edition   = {2},
doi       = {10.1016/c2012-0-03334-0},
}

% PETROLEUM RESERVOIR CHARACTERIZATION

@book{Inversion:Oliver2008,
author    = {Oliver, D.~S. and Reynolds, A.~C. and Liu, N.},
title     = {Inverse Theory for Petroleum Reservoir Characterization and History Matching},
publisher = {Cambridge University Press},
address   = {Cambridge, UK},
year      = {2008},
doi       = {10.1017/CBO9780511535642},
}

@book{Inversion:Rossi2014,
author    = {Rossi, M.~E. and Deutsch, C.~V.},
title     = {Mineral Resource Estimation},
publisher = {Springer},
address   = {Dordrecht, Netherlands},
year      = {2014},
doi       = {10.1007/978-1-4020-5717-5},
}

% EARTH SCIENCES

@book{Inversion:Bennett1992,
author    = {Bennett, A.~F.},
title     = {Inverse Methods in Physical Oceanography},
publisher = {Cambridge University Press},
address   = {Cambridge, UK},
year      = {1992},
series    = {Cambridge Monographs on Mechanics},
doi       = {10.1017/CBO9780511600807},
}

@book{Inversion:Bennett2002,
author    = {Bennett, A.~F.},
title     = {Inverse Modeling of the Ocean and Atmosphere},
publisher = {Cambridge University Press},
address   = {Cambridge, UK},
year      = {2002},
doi       = {10.1017/CBO9780511535895},
}

@book{Inversion:Sun2015,
author    = {Sun, N.-Z. and Sun, A.},
title     = {Model Calibration and Parameter Estimation: For Environmental and Water Resource Systems},
publisher = {Springer},
address   = {New York},
year      = {2015},
doi       = {10.1007/978-1-4939-2323-6},
}

% HEAT TRANSFER

@book{Inversion:Beck1985,
author    = {Beck, J.~V. and Blackwell, B. and St. Clair, C.~R.},
title     = {Inverse Heat Conduction: Ill-Posed Problems},
publisher = {John Wiley \& Sons, Inc.},
address   = {Hoboken, New Jersey, USA},
year      = {1985},
}

@book{Inversion:Alifanov1994,
author    = {Alifanov, O.~M.},
title     = {Inverse Heat Transfer Problems},
publisher = {Springer-Verlag Berlin Heidelberg},
year      = {1994},
series    = {International Series in Heat and Mass Transfer},
doi       = {10.1007/978-3-642-76436-3},
}

@book{Inversion:Ozisik2000,
author    = {\"{O}zisik, M.~N. and Orlande, H.~R.~B.},
title     = {Inverse Heat Transfer: Fundamentals and Applications},
publisher = {Taylor \& Francis},
address   = {New York},
year      = {2000},
}

@book{Inversion:Orlande2011,
editor    = {Orlande, H.~R.~B. and Fudym, O. and Maillet, D. and Cotta, R.~M.},
title     = {Thermal Measurements and Inverse Techniques},
publisher = {CRC Press},
address   = {Boca Raton, Florida, USA},
year      = {2011},
series    = {Heat Transfer: A Series of Reference Books and Textbooks},
}

% SCATTERING THEORY

@book{Inversion:Hopcraft1992,
author    = {Hopcraft, K.~I. and Smith, P.~R.},
title     = {An Introduction to Electromagnetic Inverse Scattering},
publisher = {Springer},
address   = {Dordrecht, Netherlands},
year      = {1992},
series    = {Developments in Electromagnetic Theory and Applications},
number    = {7},
doi       = {10.1007/978-94-015-8014-4},
}

@book{Inversion:Colton2013,
author    = {Colton, D. and Kress, R.},
title     = {Inverse Acoustic and Electromagnetic Scattering Theory},
publisher = {Springer},
address   = {New York},
year      = {2013},
edition   = {3},
series    = {Applied Mathematical Sciences},
number    = {93},
doi       = {10.1007/978-1-4614-4942-3},
}

@book{Inversion:Cakoni2014,
author    = {Cakoni, F. and Colton, D.},
title     = {A Qualitative Approach to Inverse Scattering Theory},
publisher = {Springer},
address   = {New York},
year      = {2014},
series    = {Applied Mathematical Sciences},
number    = {188},
doi       = {10.1007/978-1-4614-8827-9},
}

% SYSTEM IDENTIFICATION

@book{Inversion:Verhaegen2007,
author    = {Verhaegen, M. and Verdult, V.},
title     = {Filtering and System Identification: A Least Squares Approach },
publisher = {Cambridge University Press},
address   = {Cambridge, UK},
year      = {2007},
doi       = {10.1017/CBO9780511618888},
}

@book{Inversion:Keesman2011,
author    = {Keesman, K.~J.},
title     = {System Identification: An Introduction},
publisher = {Springer-Verlag},
address   = {London, UK},
year      = {2011},
series    = {Advanced Textbooks in Control and Signal Processing},
doi       = {10.1007/978-0-85729-522-4},
}

@book{Inversion:Isermann2011,
author    = {Isermann, R. and M\"{u}nchhof, M.},
title     = {Identification of Dynamic Systems: An Introduction with Applications},
publisher = {Springer-Verlag Berlin Heidelberg},
year      = {2011},
doi       = {10.1007/978-3-540-78879-9},
}

@book{Inversion:Billings2013,
author    = {Billings, S.~A.},
title     = {Nonlinear System Identification: NARMAX Methods in the Time, Frequency, and Spatio-Temporal Domains},
publisher = {John Wiley \& Sons, Ltd.},
address   = {Chichester, West Sussex, UK},
year      = {2013},
doi       = {10.1002/9781118535561},
}

@book{Inversion:Chen2013,
author    = {Chen, B. and Zhu, Y. and Hu, J. and Principe, J.~C.},
title     = {System Parameter Identification: Information Criteria and Algorithms},
publisher = {Elsevier},
address   = {London, UK},
year      = {2013},
}

@book{Inversion:Jauregui2014,
author    = {Jauregui, J.~C.},
title     = {Parameter Identification and Monitoring of Mechanical Systems Under Nonlinear Vibration},
publisher = {Woodhead Publishing},
address   = {Cambridge, UK},
year      = {2014},
}

@book{Inversion:Doraiswami2014,
author    = {Doraiswami, R. and Diduch, C. and Stevenson, M.},
title     = {Identification of Physical Systems: Applications to Condition Monitoring, Fault Diagnosis, Soft Sensor and Controller Design},
publisher = {John Wiley \& Sons, Ltd.},
address   = {Chichester, West Sussex, UK},
year      = {2014},
doi       = {10.1002/9781118536483},
}

@book{Inversion:Tangirala2015,
author    = {Tangirala, A.~K.},
title     = {Principles of System Identification: Theory and Practice},
publisher = {CRC Press},
address   = {Boca Raton, Florida, USA},
year      = {2015},
}


%%%%%%%%%%%%
% CHAPTERS %
%%%%%%%%%%%%

@book{Inversion:Biegler2010,
editor    = {Biegler, L. and Biros, G. and Ghattas, O. and Heinkenschloss, M. and Keyes, D. and Mallick, B. and Marzouk, Y. and Tenorio, L. and van Bloemen Waanders, B. and Willcox, K.},
title     = {Large-Scale Inverse Problems and Quantification of Uncertainty},
publisher = {John Wiley \& Sons, Ltd.},
address   = {Chichester, West Sussex, UK},
year      = {2010},
series    = {Wiley Series in Computational Statistics},
doi       = {10.1002/9780470685853},
}

@incollection{Inversion:Carlier2011,
author    = {Carlier, L.},
title     = {Inverse Problems in Statistics},
booktitle = {Inverse Problems and High-Dimensional Estimation},
editor    = {Alquier, P. and Gautier, E. and Stoltz, G.},
year      = {2011},
pages     = {3--96},
publisher = {Springer},
series    = {Lecture Notes in Statistics},
number    = {203},
doi       = {10.1007/978-3-642-19989-9_1},
}
% subseries = {Lecture Notes in Statistics - Proceedings}

@incollection{Inversion:Mosegaard2002,
author    = {Mosegaard, K. and Tarantola, A.},
title     = {16 Probabilistic approach to inverse problems},
editor    = {Lee, W.~H.~K. and Kanamori, H. and Jennings, P.~C. and Kisslinger, C.},
booktitle = {International Handbook of Earthquake and Engineering Seismology},
publisher = {Academic Press},
year      = {2002},
volume    = {81, Part A},
pages     = {237--265},
series    = {International Geophysics},
issn      = {0074-6142},
doi       = {10.1016/S0074-6142(02)80219-4},
}
% url       = {http://www.sciencedirect.com/science/article/pii/S0074614202802194},

@incollection{Inversion:Stark2010,
author    = {Stark, P.~B. and Tenorio, L.},
title     = {A Primer of Frequentist and {B}ayesian Inference in Inverse Problems},
booktitle = {Large-Scale Inverse Problems and Quantification of Uncertainty},
editor    = {Biegler, L. and Biros, G. and Ghattas, O. and Heinkenschloss, M. and Keyes, D. and Mallick, B. and Marzouk, Y. and Tenorio, L. and van Bloemen Waanders, B. and Willcox, K.},
year      = {2010},
pages     = {9--32},
publisher = {John Wiley \& Sons, Ltd.},
address   = {Chichester, West Sussex, UK},
series    = {Wiley Series in Computational Statistics},
doi       = {10.1002/9780470685853.ch2},
}

@incollection{Inverse:Calvetti2010,
author    = {Calvetti, D. and Somersalo, E.},
title     = {Subjective Knowledge or Objective Belief? {A}n Oblique Look to {B}ayesian Methods},
booktitle = {Large-Scale Inverse Problems and Quantification of Uncertainty},
editor    = {Biegler, L. and Biros, G. and Ghattas, O. and Heinkenschloss, M. and Keyes, D. and Mallick, B. and Marzouk, Y. and Tenorio, L. and van Bloemen Waanders, B. and Willcox, K.},
year      = {2010},
pages     = {33--70},
publisher = {John Wiley \& Sons, Ltd.},
address   = {Chichester, West Sussex, UK},
series    = {Wiley Series in Computational Statistics},
doi       = {10.1002/9780470685853.ch3},
}

@incollection{Inversion:Frangos2010,
author    = {Frangos, M. and Marzouk, Y. and Willcox, K. and van Bloemen Waanders, B.},
title     = {Surrogate and Reduced-Order Modeling: A Comparison of Approaches for Large-Scale Statistical Inverse Problems},
booktitle = {Large-Scale Inverse Problems and Quantification of Uncertainty},
editor    = {Biegler, L. and Biros, G. and Ghattas, O. and Heinkenschloss, M. and Keyes, D. and Mallick, B. and Marzouk, Y. and Tenorio, L. and van Bloemen Waanders, B. and Willcox, K.},
year      = {2010},
pages     = {123--149},
publisher = {John Wiley \& Sons, Ltd.},
address   = {Chichester, West Sussex, UK},
series    = {Wiley Series in Computational Statistics},
doi       = {10.1002/9780470685853.ch7},
}

@incollection{Inversion:McFarland2010,
author    = {McFarland, J. and Swiler, L.},
title     = {Calibration and Uncertainty Analysis for Computer Simulations with Multivariate Output},
editor    = {Biegler, L. and Biros, G. and Ghattas, O. and Heinkenschloss, M. and Keyes, D. and Mallick, B. and Marzouk, Y. and Tenorio, L. and van Bloemen Waanders, B. and Willcox, K.},
booktitle = {Large-Scale Inverse Problems and Quantification of Uncertainty},
year      = {2010},
pages     = {179--194},
publisher = {John Wiley \& Sons, Ltd.},
address   = {Chichester, West Sussex, UK},
series    = {Wiley Series in Computational Statistics},
doi       = {10.1002/9780470685853.ch9},
}

@incollection{Inversion:Debski2010,
author    = {D\c{e}bski, W.},
title     = {Chapter 1 - Probabilistic Inverse Theory},
editor    = {Dmowska, R.},
booktitle = {Advances in Geophysics},
publisher = {Elsevier},
year      = {2010},
pages     = {1--102},
series    = {Advances in Geophysics},
number    = {52},
issn      = {0065-2687},
doi       = {10.1016/S0065-2687(10)52001-6},
}
% url       = {http://www.sciencedirect.com/science/article/pii/S0065268710520016},


%%%%%%%%%%%%
% ARTICLES %
%%%%%%%%%%%%

% GENERAL

@article{Inversion:FernandezMartinez2013,
author    = {Fern\'{a}ndez-Mart\'{i}nez, J.~L. and Fern\'{a}ndez-Mu\~{n}iz, Z. and Pallero, J.~L.~G. and Pedruelo-Gonz\'{a}lez, L.~M.},
title     = {From {B}ayes to {T}arantola: {N}ew insights to understand uncertainty in inverse problems},
journal   = JournalofAppliedGeophysics,
year      = {2013},
volume    = {98},
pages     = {62--72},
issn      = {0926-9851},
doi       = {10.1016/j.jappgeo.2013.07.005},
}
% journal   = {Journal of Applied Geophysics},
% url       = {http://www.sciencedirect.com/science/article/pii/S0926985113001444},

@article{Inversion:Tarantola2006,
author    = {Tarantola, A.},
title     = {Popper, {B}ayes and the inverse problem},
journal   = NaturePhysics,
year      = {2006},
volume    = {2},
number    = {8},
pages     = {492--494},
doi       = {10.1038/nphys375},
}
% journal   = {Nature Physics},

@article{Inversion:Tarantola1982,
author    = {Tarantola, A. and Valette, B.},
title     = {Inverse Problems = Quest for Information},
journal   = JournalofGeophysics,
year      = {1982},
volume    = {50},
pages     = {159--170},
}
% journal   = {Journal of Geophysics},

@article{Inversion:Kabanikhin2008,
author    = {Kabanikhin, S.~I.},
title     = {Definitions and examples of inverse and ill-posed problems},
journal   = JournalofInverseandIllposedProblems,
year      = {2008},
volume    = {16},
number    = {4},
pages     = {317--357},
doi       = {10.1515/JIIP.2008.019},
}
% journal   = {Journal of Inverse and Ill-posed Problems},

@article{Inversion:Kac66,
author    = {Kac, M.},
title     = {Can One Hear the Shape of a Drum?},
journal   = TheAmericanMathematicalMonthly,
year      = {1966},
number    = {4},
volume    = {73},
pages     = {1--23},
issn      = {00029890},
doi       = {10.2307/2313748},
publisher = {Mathematical Association of America},
}
% journal   = {The American Mathematical Monthly},

@incollection{Inversion:Djafari1996,
author    = {Mohammad-Djafari, A.},
title     = {A Full {B}ayesian Approach for Inverse Problems},
booktitle = {Maximum Entropy and Bayesian Methods},
editor    = {Hanson, K.~M. and Silver, R.~N.},
year      = {1996},
pages     = {135--144},
series    = {Fundamental Theories of Physics},
number    = {79},
publisher = {Springer Netherlands},
doi       = {10.1007/978-94-011-5430-7_16},
}

% REGULARIZATION

@article{Inversion:Tenorio2001,
author    = {Tenorio, L.},
title     = {Statistical Regularization of Inverse Problems},
journal   = SIAMReview,
year      = {2001},
volume    = {43},
number    = {2},
pages     = {347--366},
doi       = {10.1137/S0036144500358232},
}
% journal   = {SIAM Review},

@article{Inversion:Evans2002,
author    = {Evans, S.~N. and Stark, P.~B.},
title     = {Inverse problems as statistics},
journal   = InverseProblems,
year      = {2002},
volume    = {18},
number    = {4},
pages     = {55--97},
series    = {R},
doi       = {10.1088/0266-5611/18/4/201},
}
% journal   = {Inverse Problems},
% url       = {http://stacks.iop.org/0266-5611/18/i=4/a=201},

% NONLINEARITY

@article{Inversion:Snieder1998,
author    = {Snieder, R.},
title     = {The role of nonlinearity in inverse problems},
journal   = InverseProblems,
year      = {1998},
volume    = {14},
number    = {3},
pages     = {387--404},
doi       = {10.1088/0266-5611/14/3/003},
}
% journal   = {Inverse Problems},
% url       = {http://stacks.iop.org/0266-5611/14/i=3/a=003},

@article{Inversion:Ballester2006,
author    = {Ballester, P.~J. and Carter, J.~N.},
title     = {Characterising the parameter space of a highly nonlinear inverse problem},
journal   = InverseProblemsinScienceandEngineering,
year      = {2006},
volume    = {14},
number    = {2},
pages     = {171--191},
doi       = {10.1080/17415970500258162},
}
% journal   = {Inverse Problems in Science and Engineering},
% url       = {http://www.tandfonline.com/doi/abs/10.1080/17415970500258162},
% eprint    = {http://www.tandfonline.com/doi/pdf/10.1080/17415970500258162},

@incollection{Inversion:Snieder2000,
author    = {Snieder, R. and Trampert, J.},
title     = {Linear and Nonlinear Inverse Problems},
editor    = {Dermanis, A. and Gr\"{u}n, A. and Sans\`{o}, F.},
booktitle = {Geomatic Method for the Analysis of Data in the Earth Sciences},
year      = {2000},
series    = {Lecture Notes in Earth Sciences},
number    = {95},
pages     = {93--164},
publisher = {Springer Berlin Heidelberg},
doi       = {10.1007/3-540-45597-3_3},
}

% TRANS-DIMENSIONAL

@article{Inversion:Sambridge2006,
author    = {Sambridge, M. and Gallagher, K. and Jackson, A. and Rickwood, P.},
title     = {Trans-dimensional inverse problems, model comparison and the evidence},
journal   = GeophysicalJournalInternational,
year      = {2006},
volume    = {167},
number    = {2},
pages     = {528--542},
doi       = {10.1111/j.1365-246X.2006.03155.x},
}
% journal   = {Geophysical Journal International},
% url       = {http://gji.oxfordjournals.org/content/167/2/528.abstract},
% eprint    = {http://gji.oxfordjournals.org/content/167/2/528.full.pdf+html},


%%%%%%%%%%%%%%%%%%%%%%%%%%%
% INVERSE HEAT CONDUCTION %
%%%%%%%%%%%%%%%%%%%%%%%%%%%

% REVIEW

@article{Inversion:Wang2004,
author    = {Wang, J. and Zabaras, N.},
title     = {A {B}ayesian inference approach to the inverse heat conduction problem},
journal   = InternationalJournalofHeatandMassTransfer,
year      = {2004},
volume    = {47},
number    = {17--18},
pages     = {3927--3941},
issn      = {0017-9310},
doi       = {10.1016/j.ijheatmasstransfer.2004.02.028},
}
% journal   = {International Journal of Heat and Mass Transfer},
% url       = {http://www.sciencedirect.com/science/article/pii/S0017931004000985},

@article{Inversion:Wang2005:a,
author    = {Wang, J. and Zabaras, N.},
title     = {Using {B}ayesian statistics in the estimation of heat source in radiation},
journal   = InternationalJournalofHeatandMassTransfer,
year      = {2005},
volume    = {48},
number    = {1},
pages     = {15--29},
issn      = {0017-9310},
doi       = {10.1016/j.ijheatmasstransfer.2004.08.009},
}
% journal   = {International Journal of Heat and Mass Transfer},
% url       = {http://www.sciencedirect.com/science/article/pii/S0017931004003709},

@article{Inversion:Wang2005:b,
author    = {Wang, J. and Zabaras, N.},
title     = {Hierarchical {B}ayesian models for inverse problems in heat conduction},
journal   = InverseProblems,
year      = {2005},
volume    = {21},
number    = {1},
pages     = {183--206},
doi       = {10.1088/0266-5611/21/1/012},
}
% journal   = {Inverse Problems},
% url       = {http://stacks.iop.org/0266-5611/21/i=1/a=012},

@incollection{Inversion:Zabaras2006,
author    = {Zabaras, N.},
title     = {Inverse Problems in Heat Transfer},
booktitle = {Handbook of Numerical Heat Transfer},
editor    = {Minkowycz, W.~J. and Sparrow, E.~M. and Murthy, J.~Y.},
year      = {2006},
edition   = {2},
pages     = {525--557},
publisher = {John Wiley \& Sons, Inc.},
doi       = {10.1002/9780470172599.ch17},
}

@article{Inversion:Kaipio2011,
author    = {Kaipio, J.~P. and Fox, C.},
title     = {The {B}ayesian Framework for Inverse Problems in Heat Transfer},
journal   = HeatTransferEngineering,
year      = {2011},
volume    = {32},
number    = {9},
pages     = {718--753},
doi       = {10.1080/01457632.2011.525137},
}
% journal   = {Heat Transfer Engineering},

@article{Inversion:Orlande2012,
author    = {Orlande, H.~R.~B.},
title     = {Inverse Problems in Heat Transfer: {N}ew Trends on Solution Methodologies and Applications},
journal   = JournalofHeatTransfer,
year      = {2012},
volume    = {134},
number    = {3},
pages     = {1--13},
eid       = {031011},
doi       = {10.1115/1.4005131},
}
% journal   = {Journal of Heat Transfer},

@article{Inversion:Orlande2014,
author    = {Orlande, H.~R.~B. and Dulikravich, G.~S. and Neumayer, M. and Watzenig, D. and Cola\c{c}o, M.~J.},
title     = {Accelerated {B}ayesian Inference for the Estimation of Spatially Varying Heat Flux in a Heat Conduction Problem},
journal   = NumericalHeatTransferPartAApplications,
year      = {2014},
volume    = {65},
number    = {1},
pages     = {1--25},
doi       = {10.1080/10407782.2013.812008},
}
% journal   = {Numerical Heat Transfer, Part A: Applications},

% METAMODELING

@article{Inversion:Narayanan2004,
author    = {Narayanan, V.~A.~B. and Zabaras, N.},
title     = {Stochastic inverse heat conduction using a spectral approach},
journal   = InternationalJournalforNumericalMethodsinEngineering,
year      = {2004},
volume    = {60},
number    = {9},
pages     = {1569--1593},
issn      = {1097-0207},
doi       = {10.1002/nme.1015},
publisher = {John Wiley \& Sons, Ltd.},
}
% journal   = {International Journal for Numerical Methods in Engineering},

@article{Inversion:Deng2006,
author    = {Deng, S. and Hwang, Y.},
title     = {Applying neural networks to the solution of forward and inverse heat conduction problems},
journal   = InternationalJournalofHeatandMassTransfer,
year      = {2006},
volume    = {49},
number    = {25--26},
pages     = {4732--4750},
issn      = {0017-9310},
doi       = {10.1016/j.ijheatmasstransfer.2006.06.009},
}
% journal   = {International Journal of Heat and Mass Transfer},
% url       = {http://www.sciencedirect.com/science/article/pii/S0017931006003711},

@article{Inversion:Orlande2008,
author    = {Orlande, H.~R.~B. and Cola\c{c}o, M.~J. and Dulikravich, G.~S.},
title     = {Approximation of the likelihood function in the {B}ayesian technique for the solution of inverse problems},
journal   = InverseProblemsinScienceandEngineering,
year      = {2008},
volume    = {16},
number    = {6},
pages     = {677--692},
doi       = {10.1080/17415970802231677},
}
% journal   = {Inverse Problems in Science and Engineering},

% MISC

@article{Inversion:Bardot2008,
author    = {Bardot, D. and Emery, A.~F.},
title     = {Combining discrepancy models with hierarchical {B}ayesian inference for parameter estimation of very ill posed thermal problems},
journal   = JournalofPhysicsConferenceSeries,
year      = {2008},
volume    = {135},
number    = {1},
pages     = {1--8},
eid       = {012013},
doi       = {10.1088/1742-6596/135/1/012013},
}
% journal   = {Journal of Physics: Conference Series},
% url       = {http://stacks.iop.org/1742-6596/135/i=1/a=012013},

@article{Inversion:Mota2009,
author    = {Mota, C.~A.~A. and Orlande, H.~R.~B. and Wellele, O.~J.~M. and Kolehmainen, V. and Kaipio, J.},
title     = {Inverse problem of simultaneous identification of thermophysical properties and boundary heat flux},
journal   = {High Temperatures-High Pressures: The International Journal of Thermophysical Properties Research},
year      = {2009},
volume    = {38},
number    = {2},
pages     = {171--185},
publisher = {Old City Publishing, Inc.},
}
% journal   = {High Temperatures-High Pressures: The International Journal of Thermophysical Properties Research},
% url       = {http://www.oldcitypublishing.com/journals/hthp-home/hthp-issue-contents/hthp-volume-38-number-2-2009/hthp-38-2-p-171-185/},

@article{Inversion:Mota2010,
author    = {Mota, C.~A.~A. and Orlande, H.~R.~B. and De Carvalho, M.~O.~M. and Kolehmainen, V. and Kaipio, J.~P.},
title     = {{B}ayesian Estimation of Temperature-Dependent Thermophysical Properties and Transient Boundary Heat Flux},
journal   = HeatTransferEngineering,
year      = {2010},
volume    = {31},
number    = {7},
pages     = {570--580},
doi       = {10.1080/01457630903425635},
}
% journal   = {Heat Transfer Engineering},

@article{Inversion:Lanzarone2014,
author    = {Lanzarone, E. and Pasquali, S. and Mussi, V. and Ruggeri, F.},
title     = {{B}ayesian Estimation of Thermal Conductivity and Temperature Profile in a Homogeneous Mass},
journal   = NumericalHeatTransferPartBFundamentals,
year      = {2014},
volume    = {66},
number    = {5},
pages     = {397--421},
doi       = {10.1080/10407790.2014.922848},
}
% journal   = {Numerical Heat Transfer, Part B: Fundamentals},


%%%%%%%%%%%%%%%%%%%%%%%%%%%%%%%
% STOCHASTIC INVERSE PROBLEMS %
%%%%%%%%%%%%%%%%%%%%%%%%%%%%%%%

@article{Inversion:Butler2013,
author    = {Butler, T. and Estep, D.},
title     = {A numerical method for solving a stochastic inverse problem for parameters},
journal   = AnnalsofNuclearEnergy,
year      = {2013},
volume    = {52},
pages     = {86--94},
issn      = {0306-4549},
doi       = {10.1016/j.anucene.2012.05.016},
}
% journal   = {Annals of Nuclear Energy},
% url       = {http://www.sciencedirect.com/science/article/pii/S0306454912001806},


%%%%%%%%%%%%%%%%%%%%%%%%%%%%%%%%%%%
% GENERIC PROBABILISTIC INVERSION %
%%%%%%%%%%%%%%%%%%%%%%%%%%%%%%%%%%%

@article{Inversion:Kraan2005,
author    = {Kraan, B. and Bedford, T.},
title     = {Probabilistic Inversion of Expert Judgments in the Quantification of Model Uncertainty},
journal   = ManagementScience,
year      = {2005},
volume    = {51},
number    = {6},
pages     = {995--1006},
doi       = {10.1287/mnsc.1050.0370},
}
% journal   = {Management Science},

@article{Inversion:Du2006,
author    = {Du, C. and Kurowicka, D. and Cooke, R.~M.},
title     = {Techniques for generic probabilistic inversion},
journal   = ComputationalStatisticsDataAnalysis,
year      = {2006},
volume    = {50},
number    = {5},
pages     = {1164--1187},
issn      = {0167-9473},
doi       = {10.1016/j.csda.2005.01.002},
}
% journal   = {Computational Statistics \& Data Analysis},
% url       = {http://www.sciencedirect.com/science/article/pii/S0167947305000034},

@phdthesis{Inversion:Kraan2002,
author    = {Kraan, B.~C.~P.},
title     = {Probabilistic Inversion in Uncertainty Analysis and related topics},
school    = {Delft Institute of Applied Mathematics},
year      = {2002},
type      = {{PhD} thesis},
}
% school    = {TU Delft}

