

%%%%%%%%%%%%%%%%%%%%%
% NASA UQ CHALLENGE %
%%%%%%%%%%%%%%%%%%%%%

@misc{NASA:Crespo2013:Challenge,
author    = {Crespo, L.~G. and Kenny, S.~P. and Giesy, D.~P.},
title     = {The {NASA} {L}angley Multidisciplinary Uncertainty Quantification Challenge},
year      = {2013},
note      = {NASA Langley Research Center},
}

@inproceedings{NASA:Crespo2014:Conf,
author    = {Crespo, L.~G. and Kenny, S.~P. and Giesy, D.~P.},
title     = {The {NASA} {L}angley Multidisciplinary Uncertainty Quantification Challenge},
booktitle = {16th AIAA Non-Deterministic Approaches Conference (SciTech 2014)},
year      = {2014},
month     = jan#{~13-17},
address   = {National Harbor, Maryland, USA},
doi       = {10.2514/6.2014-1347},
}

@incollection{NASA:Crespo2014:Proc,
author    = {Crespo, L.~G. and Kenny, S.~P. and Giesy, D.~P.},
title     = {The {NASA} {L}angley Multidisciplinary Uncertainty Quantification Challenge},
booktitle = {16th AIAA Non-Deterministic Approaches Conference (SciTech 2014)},
year      = {2014},
publisher = {American Institute of Aeronautics and Astronautics (AIAA)},
address   = {Reston, Virginia, USA},
doi       = {10.2514/6.2014-1347},
}

@misc{NASA:Crespo2013:FAQ,
author       = {Crespo, L.~G. and Kenny, S.~P. and Giesy, D.~P.},
title        = {{NASA} {LaRC} {UQ} Challenge 2014: Challenge Problem {FAQ}},
year         = {May 31, 2013},
howpublished = {http://uqtools.larc.nasa.gov/nda-uq-challenge-problem-2014/faq/},
}
% url          = {http://uqtools.larc.nasa.gov/nda-uq-challenge-problem-2014/faq/},
% date         = {May 28, 2013},

@online{NASA:Crespo2013:FAQ:URL,
author    = {Crespo, L.~G. and Kenny, S.~P. and Giesy, D.~P.},
title     = {{NASA} {LaRC} {UQ} Challenge 2014: Challenge Problem {FAQ}},
date      = {2013-02-19},
url       = {http://uqtools.larc.nasa.gov/nda-uq-challenge-problem-2014/faq/},
}
% month     = feb#{~19},
% year      = {February 19, 2013},
% urldate   = {2013-05-31},

@inproceedings{NASA:Foster2005:Conf,
author    = {Foster, J.~V. and Cunningham, K. and Fremaux, C.~M. and Shah, G.~H. and Stewart, E.~C. and Rivers, R.~A. and Wilborn, J.~E. and Gato, W.},
title     = {Dynamics Modeling and Simulation of Large Transport Airplanes in Upset Conditions},
booktitle = {AIAA Guidance, Navigation, and Control Conference and Exhibit},
year      = {2005},
month     = aug#{~15-18},
address   = {San Francisco, California, USA},
doi       = {10.2514/6.2005-5933},
}
% Guidance, Navigation, and Control and Co-located Conferences

@incollection{NASA:Foster2005:Proc,
author    = {Foster, J.~V. and Cunningham, K. and Fremaux, C.~M. and Shah, G.~H. and Stewart, E.~C. and Rivers, R.~A. and Wilborn, J.~E. and Gato, W.},
title     = {Dynamics Modeling and Simulation of Large Transport Airplanes in Upset Conditions},
booktitle = {AIAA Guidance, Navigation, and Control Conference and Exhibit},
year      = {2005},
publisher = {American Institute of Aeronautics and Astronautics (AIAA)},
address   = {Reston, Virginia, USA},
doi       = {10.2514/6.2005-5933},
}

@inproceedings{NASA:Jordan2008:Conf,
author    = {Jordan, T.~L. and Bailey, R.~M.},
title     = {{NASA} {L}angley's {AirSTAR} Testbed: {A} Subscale Flight Test Capability for Flight Dynamics and Control System Experiments},
booktitle = {AIAA Guidance, Navigation and Control Conference and Exhibit},
year      = {2008},
month     = aug#{~18-21},
address   = {Honolulu, Hawaii, USA},
doi       = {10.2514/6.2008-6660},
}
% Guidance, Navigation, and Control and Co-located Conferences

@incollection{NASA:Jordan2008:Proc,
author    = {Jordan, T.~L. and Bailey, R.~M.},
title     = {{NASA} {L}angley's {AirSTAR} Testbed: {A} Subscale Flight Test Capability for Flight Dynamics and Control System Experiments},
booktitle = {AIAA Guidance, Navigation and Control Conference and Exhibit},
year      = {2008},
publisher = {American Institute of Aeronautics and Astronautics (AIAA)},
address   = {Reston, Virginia, USA},
doi       = {10.2514/6.2008-6660},
}

@inproceedings{NASA:Jordan2006,
author    = {Jordan, T.~L. and Foster, J.~V. and Bailey, R.~M. and Belcastro, C.~M.},
title     = {{AirSTAR}: {A} {UAV} Platform for Flight Dynamics and Control System Testing},
booktitle = {25th AIAA Aerodynamic Measurement Technology and Ground Testing Conference},
year      = {2006},
month     = jun#{~5-8},
address   = {San Francisco, California, USA},
doi       = {10.2514/6.2006-3307},
}
% Fluid Dynamics and Co-located Conferences

@inproceedings{NASA:Cunningham2011,
author    = {Cunningham, K. and Cox, D.~E. and Murri, D.~G. and Riddick, S.~E.},
title     = {A Piloted Evaluation of Damage Accommodating Flight Control Using a Remotely Piloted Vehicle},
booktitle = {AIAA Guidance, Navigation, and Control Conference},
year      = {2011},
month     = aug#{~8-11},
address   = {Portland, Oregon, USA},
doi       = {10.2514/6.2011-6451},
}
% Guidance, Navigation, and Control and Co-located Conferences

@article{NASA:Crespo2012,
author    = {Crespo, L.~G. and Matsutani, M. and Annaswamy, A.~M.},
title     = {Design of an Adaptive Controller for a Remotely Operated Air Vehicle},
journal   = JournalofGuidanceControlandDynamics,
year      = {2012},
volume    = {35},
number    = {2},
pages     = {406--422},
doi       = {10.2514/1.54779},
publisher = {American Institute of Aeronautics and Astronautics (AIAA)},
address   = {Reston, Virginia, USA},
}
% journal   = {Journal of Guidance, Control, and Dynamics},

@inproceedings{NASA:McFarland2014:Conf,
author    = {McFarland, J.~M. and Bichon, B.~J. and Riha, D.~S.},
title     = {A Probabilistic Treatment of Multiple Uncertainty Types: {NASA} {UQ} Challenge},
booktitle = {16th AIAA Non-Deterministic Approaches Conference (SciTech 2014)},
year      = {2014},
month     = jan#{~13-17},
address   = {National Harbor, Maryland, USA},
doi       = {10.2514/6.2014-1500},
}

@incollection{NASA:McFarland2014:Proc,
author    = {McFarland, J.~M. and Bichon, B.~J. and Riha, D.~S.},
title     = {A Probabilistic Treatment of Multiple Uncertainty Types: {NASA} {UQ} Challenge},
booktitle = {16th AIAA Non-Deterministic Approaches Conference (SciTech 2014)},
year      = {2014},
publisher = {American Institute of Aeronautics and Astronautics (AIAA)},
address   = {Reston, Virginia, USA},
doi       = {10.2514/6.2014-1500},
}

@inproceedings{NASA:Safta2014:Conf,
author    = {Safta, C. and Sargsyan, K. and Najm, H.~N. and Chowdhary, K. and Debusschere, B. and Swiler, L.~P. and Eldred, M.~S.},
title     = {Uncertainty Quantification Methods for Model Calibration, Validation, and Risk Analysis},
booktitle = {16th AIAA Non-Deterministic Approaches Conference (SciTech 2014)},
year      = {2014},
month     = jan#{~13-17},
address   = {National Harbor, Maryland, USA},
doi       = {10.2514/6.2014-1497},
}

@incollection{NASA:Safta2014:Proc,
author    = {Safta, C. and Sargsyan, K. and Najm, H.~N. and Chowdhary, K. and Debusschere, B. and Swiler, L.~P. and Eldred, M.~S.},
title     = {Uncertainty Quantification Methods for Model Calibration, Validation, and Risk Analysis},
booktitle = {16th AIAA Non-Deterministic Approaches Conference (SciTech 2014)},
year      = {2014},
publisher = {American Institute of Aeronautics and Astronautics (AIAA)},
address   = {Reston, Virginia, USA},
doi       = {10.2514/6.2014-1497},
}

@book{NASA:Chambers2010,
author    = {Chambers, J.~R.},
title     = {Modeling Flight: The Role of Dynamically Scaled Free-Flight Models in Support of NASA's Aerospace Programs},
publisher = {National Aeronautics and Space Administration (NASA)},
year      = {2010},
url       = {http://www.nasa.gov/pdf/483000main_ModelingFlight.pdf},
}


%%%%%%%%%%%%%%
% DAM BREACH %
%%%%%%%%%%%%%%

@mastersthesis{DamBreach:Eicher2014,
author    = {Eicher, A.},
title     = {{B}ayesian multilevel model calibration of a simplified dam breach model},
school    = {Swiss Federal Institute of Technology (ETH Z\"{u}rich)},
address   = {Z\"{u}rich, Switzerland},
year      = {2014},
type      = {{MSc} thesis}
}


%%%%%%%%%%%
% MASONRY %
%%%%%%%%%%%

% NEBOSJA MOJSILOVIC

@inproceedings{Masonry:Mojsilovic2009,
author    = {Mojsilovic, N. and Faber, M.~H.},
title     = {Probabilistic assessment of masonry compressive strength},
booktitle = {10th International Conference on Structural Safety and Reliability (ICOSSAR2009)},
year      = {2009},
month     = sep#{~13-17},
address   = {Osaka, Japan},
}

@article{Masonry:Mojsilovic2011,
author    = {Mojsilovic, N.},
title     = {Tensile strength of clay blocks: {A}n experimental study},
journal   = ConstructionandBuildingMaterials,
year      = {2011},
volume    = {25},
number    = {11},
pages     = {4156--4164},
issn      = {0950-0618},
doi       = {10.1016/j.conbuildmat.2011.04.052},
}
% journal   = {Construction and Building Materials},
% url       = {http://www.sciencedirect.com/science/article/pii/S0950061811001929},

@article{Masonry:Mojsilovic2015,
author    = {Mojsilovi\'{c}, N. and Stewart, M.~G.},
title     = {Probability and structural reliability assessment of mortar joint thickness in load-bearing masonry walls},
journal   = StructuralSafety,
year      = {2015},
volume    = {52, Part B},
pages     = {209--218},
issn      = {0167-4730},
doi       = {10.1016/j.strusafe.2014.02.005},
}
% journal   = {Structural Safety},
% url       = {http://www.sciencedirect.com/science/article/pii/S0167473014000186},

% PROBABILISTIC APPROACHES

@article{Masonry:Stewart2002,
author    = {Stewart, M.~G. and Lawrence, S.},
title     = {Structural Reliability of Masonry Walls in Flexure},
journal   = MasonryInternational,
year      = {2002},
volume    = {15},
number    = {2},
pages     = {48--52},
publisher = {International Masonry Society},
}
% journal   = {Masonry International},

@inproceedings{Masonry:Glowienka2006,
author    = {Glowienka, S. and Graubner, C.-A.},
title     = {Probabilistic Modelling of the Load Carrying Capacity of Modern Masonry},
booktitle = {4th International Probabilistic Symposium},
year      = {2006},
month     = oct#{~12-13},
address   = {Berlin, Germany},
}

@inproceedings{Masonry:Schueremans2006,
author    = {Schueremans, L. and Van Gemert, D.},
title     = {Probability density functions for masonry material parameters -- a way to go ?},
booktitle = {5th International Conference on Structural Analysis of Historical Constructions: Possibilities of Numerical and Experimental Techniques},
year      = {2006},
month     = nov#{~6-8},
address   = {New Delhi, India},
}
% volume    = {Vol. 2},
% pages     = {921--928},

@article{Masonry:Sykora2010,
author    = {S\'{y}kora, M. and Holick\'{y}, M.},
title     = {Probabilistic Model for Masonry Strength of Existing Structures},
journal   = EngineeringMechanics,
year      = {2010},
volume    = {17},
number    = {1},
pages     = {61--70},
publisher = {Association for Engineering Mechanics},
}
% journal   = {Engineering Mechanics},
% publisher = {Academy of Sciences of the Czech Republic},
% url       = {http://dlib.lib.cas.cz/5921/},

@article{Masonry:Sykora2014:a,
author    = {Sykora, M. and Holicky, M.},
title     = {Evaluation of Compressive Strength of Historic Masonry Using Measurements},
journal   = AdvancedMaterialsResearch,
year      = {2014},
volume    = {923},
pages     = {213--216},
doi       = {10.4028/www.scientific.net/AMR.923.213},
}
% journal   = {Advanced Materials Research},
% note      = {Proceedings of the Conference on the Rehabilitation and Reconstruction of Buildings (CRRB) 2013},
% chapter   = {Chapter 7: Statics and Dynamics of Structures},
% editor    = {Kosteleck\'{a}, M.},
% url       = {http://www.scientific.net/AMR.923.213},

@incollection{Masonry:Sykora2014:b,
author    = {Sykora, M. and Cejka, T. and Holicky, M. and Witzany, J.},
title     = {Probabilistic model for compressive strength of historic masonry},
booktitle = {European Safety and Reliability Conference (ESREL 2013)},
editor    = {Steenbergen, R.~D.~J.~M. and van Gelder, P.~H.~A.~J.~M. and Miraglia, S. and Ton Vrouwenvelder, A.~C.~W.~M.},
publisher = {CRC Press/Balkema},
address   = {Leiden, Netherlands},
year      = {2014},
chapter   = {315},
pages     = {2645--2652},
doi       = {10.1201/b15938-400}, 
}
% booktitle = {Safety, Reliability and Risk Analysis: Beyond the Horizon},
% booktitle = {European Safety and Reliability Conference (ESREL 2013)},
% url       = {http://www.crcnetbase.com/doi/abs/10.1201/b15938-400},

@article{Masonry:GarzonRoca2013,
author    = {Garz\'{o}n-Roca, J. and Obrer Marco, C. and Adam, J.~M.},
title     = {Compressive strength of masonry made of clay bricks and cement mortar: {E}stimation based on Neural Networks and Fuzzy Logic},
journal   = EngineeringStructures,
year      = {2013},
volume    = {48},
pages     = {21--27},
issn      = {0141-0296},
doi       = {10.1016/j.engstruct.2012.09.029},
}
% journal   = {Engineering Structures},
% url       = {http://www.sciencedirect.com/science/article/pii/S014102961200507X},

@article{Masonry:Dymiotis2002,
author    = {Dymiotis, C. and Gutlederer, B.~M.},
title     = {Allowing for uncertainties in the modelling of masonry compressive strength},
journal   = ConstructionandBuildingMaterials,
year      = {2002},
volume    = {16},
number    = {8},
pages     = {443--452},
issn      = {0950-0618},
doi       = {10.1016/S0950-0618(02)00108-3},
}
% journal   = {Construction and Building Materials},
% url       = {http://www.sciencedirect.com/science/article/pii/S0950061802001083},

@article{Masonry:McNary1985,
author    = {McNary, W. and Abrams, D.},
title     = {Mechanics of Masonry in Compression},
journal   = JournalofStructuralEngineering,
year      = {1985},
volume    = {111},
number    = {4},
pages     = {857--870},
doi       = {10.1061/(ASCE)0733-9445(1985)111:4(857)},
}
% journal   = {Journal of Structural Engineering},


%%%%%%%%%%%%%%%%%%%%%%%%
% CONCRETE DEGRADATION %
%%%%%%%%%%%%%%%%%%%%%%%%

@article{Concrete:Sudret2008,
author    = {Sudret, B.},
title     = {Probabilistic models for the extent of damage in degrading reinforced concrete structures},
journal   = ReliabilityEngineeringSystemSafety,
year      = {2008},
volume    = {93},
number    = {3},
pages     = {410--422},
issn      = {0951-8320},
doi       = {10.1016/j.ress.2006.12.019},
}
% journal   = {Reliability Engineering \& System Safety},
% url       = {http://www.sciencedirect.com/science/article/pii/S095183200700004X},

@article{Concrete:Val2008,
author    = {Val, D.~V. and Trapper, P.~A.},
title     = {Probabilistic evaluation of initiation time of chloride-induced corrosion},
journal   = ReliabilityEngineeringSystemSafety,
year      = {2008},
volume    = {93},
number    = {3},
pages     = {364--372},
issn      = {0951-8320},
doi       = {10.1016/j.ress.2006.12.010},
}
% journal   = {Reliability Engineering \& System Safety},
% url       = {http://www.sciencedirect.com/science/article/pii/S0951832007000129},


%%%%%%%%%%%%%%%%%%%%%%%%%
% HYDROLOGICAL MODELING %
%%%%%%%%%%%%%%%%%%%%%%%%%

% DAVID MACHAC

@phdthesis{Hydro:Machac2015:PhD,
author    = {Machac, D.},
title     = {Mechanistic Emulators as Surrogates to Slow Hydrological Models},
school    = {Swiss Federal Institute of Technology (ETH Z\"{u}rich)},
address   = {Z\"{u}rich, Switzerland},
year      = {2015},
type      = {{PhD} thesis},
}

@article{Hydro:Machac2016:a,
author    = {Machac, D. and Reichert, P. and Rieckermann, J. and Albert, C.},
title     = {Fast mechanism-based emulator of a slow urban hydrodynamic drainage simulator},
journal   = EnvironmentalModellingSoftware,
year      = {2016},
volume    = {78},
pages     = {54--67},
issn      = {1364-8152},
doi       = {10.1016/j.envsoft.2015.12.007},
}
% journal   = {Environmental Modelling \& Software},
% url       = {http://www.sciencedirect.com/science/article/pii/S1364815215301213},

@article{Hydro:Machac2016:b,
author    = {Machac, D. and Reichert, P. and Albert, C.},
title     = {Emulation of dynamic simulators with application to hydrology},
journal   = JournalofComputationalPhysics,
year      = {2016},
volume    = {313},
pages     = {352--366},
issn      = {0021-9991},
doi       = {10.1016/j.jcp.2016.02.046},
}
% journal   = {Journal of Computational Physics},
% url       = {http://www.sciencedirect.com/science/article/pii/S0021999116001169},

% SWMM

@manual{Hydro:SWMM2015,
author       = {Rossman, L.~A.},
title        = {Storm Water Management Model: User's Manual},
organization = {US EPA Office of Research and Development},
address      = {Washington, D.C., USA},
year         = {2015},
version      = {5.1},
url          = {https://www.epa.gov/water-research/storm-water-management-model-swmm},
urldate      = {2016-02-24},
}
% title        = {Storm Water Management Model: User's Manual Version 5.1},
% organization = {United States Environmental Protection Agency (EPA)},
% note         = {EPA/600/R-14/413b},

% URBAN WATER MODELING

@article{Hydro:Bach2014,
author    = {Bach, P.~M. and Rauch, W. and Mikkelsen, P.~S. and McCarthy, D.~T. and Deletic, A.},
title     = {A critical review of integrated urban water modelling -- {U}rban drainage and beyond},
journal   = EnvironmentalModellingSoftware,
year      = {2014},
volume    = {54},
pages     = {88--107},
issn      = {1364-8152},
doi       = {http://dx.doi.org/10.1016/j.envsoft.2013.12.018},
}
% journal   = {Environmental Modelling \& Software},
% url       = {http://www.sciencedirect.com/science/article/pii/S1364815213003216},

@article{Hydro:Salvadore2015,
author    = {Salvadore, E. and Bronders, J. and Batelaan, O.},
title     = {Hydrological modelling of urbanized catchments: {A} review and future directions},
journal   = JournalofHydrology,
series    = {1},
year      = {2015},
volume    = {529},
pages     = {62--81},
issn      = {0022-1694},
doi       = {10.1016/j.jhydrol.2015.06.028},
}
% journal   = {Journal of Hydrology},
% url       = {http://www.sciencedirect.com/science/article/pii/S0022169415004412},

% UNCERTAINTY QUANTIFICATION

@incollection{Hydro:Moradkhani2008,
author    = {Moradkhani, H. and Sorooshian, S.},
title     = {General Review of Rainfall-Runoff Modeling: {M}odel Calibration, Data Assimilation, and Uncertainty Analysis},
booktitle = {Hydrological Modelling and the Water Cycle: Coupling the Atmospheric and Hydrological Models},
editor    = {Sorooshian, S. and Hsu, K.-L. and Coppola, E. and Tomassetti, B. and Verdecchia, M. and Visconti, G.},
year      = {2008},
pages     = {1--24},
publisher = {Springer},
adress    = {Dordrecht, Netherlands},
series    = {Water Science and Technology Library},
number    = {63},
doi       = {10.1007/978-3-540-77843-1_1},
}

@article{Hydro:Refsgaard2007,
author    = {Refsgaard, J.~C. and van der Sluijs, J.~P. and H\o{}jberg, A.~L. and Vanrolleghem, P.~A.},
title     = {Uncertainty in the environmental modelling process -- {A} framework and guidance},
journal   = EnvironmentalModellingSoftware,
year      = {2007},
volume    = {22},
number    = {11},
pages     = {1543--1556},
issn      = {1364-8152},
doi       = {10.1016/j.envsoft.2007.02.004},
}
% journal   = {Environmental Modelling \& Software},
% url       = {http://www.sciencedirect.com/science/article/pii/S1364815207000266},

@article{Hydro:Refsgaard2012,
author    = {Refsgaard, J.~C. and Christensen, S. and Sonnenborg, T.~O. and Seifert, D. and H\o{}jberg, A.~L. and Troldborg, L.},
title     = {Review of strategies for handling geological uncertainty in groundwater flow and transport modeling},
journal   = AdvancesinWaterResources,
year      = {2012},
volume    = {36},
pages     = {36--50},
issn      = {0309-1708},
doi       = {10.1016/j.advwatres.2011.04.006},
}
% journal   = {Advances in Water Resources},
% note      = {Special Issue on Uncertainty Quantification and Risk Assessment},
% url       = {http://www.sciencedirect.com/science/article/pii/S0309170811000625},

@article{Hydro:Deletic2012,
author    = {Deletic, A. and Dotto, C.~B.~S. and McCarthy, D.~T. and Kleidorfer, M. and Freni, G. and Mannina, G. and Uhl, M. and Henrichs, M. and Fletcher, T.~D. and Rauch, W. and Bertrand-Krajewski, J.~L. and Tait, S.},
title     = {Assessing uncertainties in urban drainage models},
journal   = PhysicsandChemistryoftheEarth,
volume    = {42--44},
pages     = {3--10},
year      = {2012},
issn      = {1474-7065},
doi       = {10.1016/j.pce.2011.04.007},
}
% journal   = {Physics and Chemistry of the Earth, Parts A/B/C},
% url       = {http://www.sciencedirect.com/science/article/pii/S1474706511000623},
% note      = {Estimating and representing uncertainty in applied hydrology, hydraulics and water quality studies},

@incollection{Hydro:DeChant2014,
author    = {DeChant, C.~M. and Moradkhani, H.},
title     = {Hydrologic Prediction and Uncertainty Quantification},
booktitle = {Handbook of Engineering Hydrology: Modeling, Climate Change, and Variability},
editor    = {Eslamian, S.},
year      = {2014},
pages     = {387--414},
chapter   = {20},
publisher = {CRC Press},
address   = {Boca Raton, Florida, USA},
doi       = {10.1201/b16683-21},
}

% DECISION SUPPORT

@article{Hydro:Reichert2005,
author    = {Reichert, P. and Borsuk, M.~E.},
title     = {Does high forecast uncertainty preclude effective decision support?},
journal   = EnvironmentalModellingSoftware,
year      = {2005},
volume    = {20},
number    = {8},
pages     = {991--1001},
issn      = {1364-8152},
doi       = {10.1016/j.envsoft.2004.10.005},
}
% journal   = {Environmental Modelling \& Software},
% url       = {http://www.sciencedirect.com/science/article/pii/S1364815204002373},
% note      = {Methods of Uncertainty Treatment in Environmental Models},

@article{Hydro:Ascough2008,
author    = {Ascough, J.~C. and Maier, H.~R. and Ravalico, J.~K. and Strudley, M.~W.},
title     = {Future research challenges for incorporation of uncertainty in environmental and ecological decision-making},
journal   = EcologicalModelling,
year      = {2008},
volume    = {219},
number    = {3--4},
pages     = {383--399},
issn      = {0304-3800},
doi       = {10.1016/j.ecolmodel.2008.07.015},
}
% journal   = {Ecological Modelling},
% url       = {http://www.sciencedirect.com/science/article/pii/S0304380008003554},

@article{Hydro:Uusitalo2015,
author    = {Uusitalo, L. and Lehikoinen, A. and Helle, I. and Myrberg, K.},
title     = {An overview of methods to evaluate uncertainty of deterministic models in decision support},
journal   = EnvironmentalModellingSoftware,
year      = {2015},
volume    = {63},
pages     = {24--31},
issn      = {1364-8152},
doi       = {10.1016/j.envsoft.2014.09.017},
}
% journal   = {Environmental Modelling \& Software},
% url       = {http://www.sciencedirect.com/science/article/pii/S1364815214002813},

% CONTROL

@article{Hydro:Garcia2015,
author    = {Garc\'{\i}a, L. and Barreiro-Gomez, J. and Escobar, E. and T\'{e}llez, D. and Quijano, N. and Ocampo-Martinez, C.},
title     = {Modeling and real-time control of urban drainage systems: {A} review},
journal   = AdvancesinWaterResources,
year      = {2015},
volume    = {85},
pages     = {120--132},
issn      = {0309-1708},
doi       = {10.1016/j.advwatres.2015.08.007},
}
% journal   = {Advances in Water Resources},
% url       = {http://www.sciencedirect.com/science/article/pii/S0309170815001931},

% FORWARD PROPAGATION

@article{Hydro:Lei1994,
author    = {Lei, J. and Schilling, W.},
title     = {Parameter Uncertainty Propagation Analysis for Urban Rainfall Runoff Modelling},
journal   = WaterScienceandTechnology,
year      = {1994},
volume    = {29},
number    = {1--2},
pages     = {145--154},
issn      = {0273-1223},
publisher = {IWA Publishing},
}
% journal   = {Water Science and Technology},
% url       = {http://iwaponline.com/content/29/1-2/145},
% eprint    = {http://iwaponline.com/content/29/1-2/145.full.pdf},

@article{Hydro:Gabellani2007,
author    = {Gabellani, S. and Boni, G. and Ferraris, L. and von Hardenberg, J. and Provenzale, A.},
title     = {Propagation of uncertainty from rainfall to runoff: {A} case study with a stochastic rainfall generator},
journal   = AdvancesinWaterResources,
year      = {2007},
volume    = {30},
number    = {10},
pages     = {2061--2071},
issn      = {0309-1708},
doi       = {10.1016/j.advwatres.2006.11.015},
}
% journal   = {Advances in Water Resources},
% url       = {http://www.sciencedirect.com/science/article/pii/S030917080700053X},
% note      = {Recent Developments in Hydrologic Analysis},

@article{Hydro:Yen2014,
author    = {Yen, H. and Wang, X. and Fontane, D.~G. and Harmel, R.~D. and Arabi, M.},
title     = {A framework for propagation of uncertainty contributed by parameterization, input data, model structure, and calibration/validation data in watershed modeling},
journal   = EnvironmentalModellingSoftware,
year      = {2014},
volume    = {54},
pages     = {211--221},
issn      = {1364-8152},
doi       = {10.1016/j.envsoft.2014.01.004},
}
% journal   = {Environmental Modelling \& Software},
% url       = {http://www.sciencedirect.com/science/article/pii/S1364815214000139},

% BAYESIAN CALIBRATION

@article{Hydro:Huard2006,
author    = {Huard, D. and Mailhot, A.},
title     = {A {B}ayesian perspective on input uncertainty in model calibration: {A}pplication to hydrological model ``abc''},
journal   = WaterResourcesResearch,
year      = {2006},
volume    = {42},
number    = {7},
eid       = {W07416},
pages     = {1--14},
issn      = {1944-7973},
doi       = {10.1029/2005WR004661},
}
% journal   = {Water Resources Research},

@article{Hydro:Kavetski2006:a,
author    = {Kavetski, D. and Kuczera, G. and Franks, S.~W.},
title     = {{B}ayesian analysis of input uncertainty in hydrological modeling: 1. {T}heory},
journal   = WaterResourcesResearch,
year      = {2006},
volume    = {42},
number    = {3},
eid       = {W03407},
pages     = {1--9},
issn      = {1944-7973},
doi       = {10.1029/2005WR004368},
}
% journal   = {Water Resources Research},

@article{Hydro:Kavetski2006:b,
author    = {Kavetski, D. and Kuczera, G. and Franks, S.~W.},
title     = {{B}ayesian analysis of input uncertainty in hydrological modeling: 2. {A}pplication},
journal   = WaterResourcesResearch,
year      = {2006},
volume    = {42},
number    = {3},
eid       = {W03408},
pages     = {1--10},
issn      = {1944-7973},
doi       = {10.1029/2005WR004376},
}
% journal   = {Water Resources Research},

@incollection{Hydro:Fernandes2017,
author    = {Fernandes, W. and Silva, A.~T.},
title     = {Introduction to {B}ayesian Analysis of Hydrologic Variables},
booktitle = {Fundamentals of Statistical Hydrology},
editor    = {Naghettini, M.},
year      = {2017},
chapter   = {11},
pages     = {497--536},
publisher = {Springer International Publishing},
address   = {Cham, Switzerland},
doi       = {10.1007/978-3-319-43561-9_11},
}

% MODEL DISCREPANCY

@article{Hydro:Reichert2012,
author    = {Reichert, P. and Schuwirth, N.},
title     = {Linking statistical bias description to multiobjective model calibration},
journal   = WaterResourcesResearch,
year      = {2012},
volume    = {48},
number    = {9},
eid       = {W09543},
pages     = {1--20},
issn      = {1944-7973},
doi       = {10.1029/2011WR011391},
}
% journal   = {Water Resources Research},

@article{Hydro:Honti2013,
author    = {Honti, M. and Stamm, C. and Reichert, P.},
title     = {Integrated uncertainty assessment of discharge predictions with a statistical error model},
journal   = WaterResourcesResearch,
year      = {2013},
volume    = {49},
number    = {8},
pages     = {4866--4884},
issn      = {1944-7973},
doi       = {10.1002/wrcr.20374},
}
% journal   = {Water Resources Research},

@article{Hydro:DelGiudice2013,
author    = {Del Giudice, D. and Honti, M. and Scheidegger, A. and Albert, C. and Reichert, P. and Rieckermann, J.},
title     = {Improving uncertainty estimation in urban hydrological modeling by statistically describing bias},
journal   = HydrologyandEarthSystemSciences,
year      = {2013},
volume    = {17},
number    = {10},
pages     = {4209--4225},
doi       = {10.5194/hess-17-4209-2013},
}
% journal   = {Hydrology and Earth System Sciences},
% url       = {http://www.hydrol-earth-syst-sci.net/17/4209/2013/},

@article{Hydro:DelGiudice2015,
author    = {Del Giudice, D. and Reichert, P. and Bare\v{s}, V. and Albert, C. and Rieckermann, J.},
title     = {Model bias and complexity -- {U}nderstanding the effects of structural deficits and input errors on runoff predictions},
journal   = EnvironmentalModellingSoftware,
year      = {2015},
volume    = {64},
pages     = {205--214},
issn      = {1364-8152},
doi       = {10.1016/j.envsoft.2014.11.006},
}
% journal   = {Environmental Modelling \& Software},
% url       = {http://www.sciencedirect.com/science/article/pii/S1364815214003247},

@article{Hydro:DelGuidice2016,
author    = {Del Giudice, D. and Albert, C. and Rieckermann, J. and Reichert, P.},
title     = {Describing the catchment-averaged precipitation as a stochastic process improves parameter and input estimation},
journal   = WaterResourcesResearch,
year      = {2016},
volume    = {52},
number    = {4},
pages     = {3162--3186},
issn      = {1944-7973},
doi       = {10.1002/2015WR017871},
}
% journal   = {Water Resources Research},

% METAMODELING

@article{Hydro:Ratto2012,
author    = {Ratto, M. and Castelletti, A. and Pagano, A.},
title     = {Emulation techniques for the reduction and sensitivity analysis of complex environmental models},
journal   = EnvironmentalModellingSoftware,
year      = {2012},
volume    = {34},
pages     = {1--4},
issn      = {1364-8152},
doi       = {10.1016/j.envsoft.2011.11.003},
}
% journal   = {Environmental Modelling \& Software},
% note      = {Emulation techniques for the reduction and sensitivity analysis of complex environmental models},
% url       = {http://www.sciencedirect.com/science/article/pii/S1364815211002489},

@article{Hydro:Castelletti2012,
author    = {Castelletti, A. and Galelli, S. and Ratto, M. and Soncini-Sessa, R. and Young, P.~C.},
title     = {A general framework for Dynamic Emulation Modelling in environmental problems},
journal   = EnvironmentalModellingSoftware,
year      = {2012},
volume    = {34},
pages     = {5--18},
issn      = {1364-8152},
doi       = {10.1016/j.envsoft.2012.01.002},
}
% journal   = {Environmental Modelling \& Software},
% note      = {Emulation techniques for the reduction and sensitivity analysis of complex environmental models},
% url       = {http://www.sciencedirect.com/science/article/pii/S1364815212000035},

@article{Hydro:Razavi2012,
author    = {Razavi, S. and Tolson, B.~A. and Burn, D.~H.},
title     = {Review of surrogate modeling in water resources},
journal   = WaterResourcesResearch,
year      = {2012},
volume    = {48},
number    = {7},
pages     = {1--32},
eid       = {W07401},
issn      = {1944-7973},
doi       = {10.1029/2011WR011527},
}
% journal   = {Water Resources Research},

@article{Hydro:Asher2015,
author    = {Asher, M.~J. and Croke, B.~F.~W. and Jakeman, A.~J. and Peeters, L.~J.~M.},
title     = {A review of surrogate models and their application to groundwater modeling},
journal   = WaterResourcesResearch,
year      = {2015},
volume    = {51},
number    = {8},
pages     = {5957--5973},
issn      = {1944-7973},
doi       = {10.1002/2015WR016967},
}
% journal   = {Water Resources Research},

% MECHANISTIC EMULATORS

@article{Hydro:Reichert2011,
author    = {Reichert, P. and White, G. and Bayarri, M.~J. and Pitman, E.~B.},
title     = {Mechanism-based emulation of dynamic simulation models: {C}oncept and application in hydrology},
journal   = ComputationalStatisticsDataAnalysis,
year      = {2011},
volume    = {55},
number    = {4},
pages     = {1638--1655},
issn      = {0167-9473},
doi       = {10.1016/j.csda.2010.10.011},
}
% journal   = {Computational Statistics \& Data Analysis},
% url       = {http://www.sciencedirect.com/science/article/pii/S0167947310003993},

@article{Hydro:Albert2012,
author    = {Albert, C.},
title     = {A mechanistic dynamic emulator},
journal   = NonlinearAnalysisRealWorldApplications,
year      = {2012},
volume    = {13},
number    = {6},
pages     = {2747--2754},
issn      = {1468-1218},
doi       = {10.1016/j.nonrwa.2012.04.003},
}
% journal   = {Nonlinear Analysis: Real World Applications},
% url       = {http://www.sciencedirect.com/science/article/pii/S1468121812000818},

@article{Hydro:Carbajal2017,
author    = {Carbajal, J.~P. and Leit\~{a}o, J.~P. and Albert, C. and Rieckermann, J.},
title     = {Appraisal of data-driven and mechanistic emulators of nonlinear simulators: {T}he case of hydrodynamic urban drainage models},
journal   = EnvironmentalModellingSoftware,
year      = {2017},
volume    = {92},
pages     = {17--27},
issn      = {1364-8152},
doi       = {10.1016/j.envsoft.2017.02.006},
}
% journal   = {Environmental Modelling \& Software},
% url       = {http://www.sciencedirect.com/science/article/pii/S1364815216307964},

% POLYNOMIAL CHAOS EXPANSIONS

@article{Hydro:Li2007,
author    = {Li, H. and Zhang, D.},
title     = {Probabilistic collocation method for flow in porous media: {C}omparisons with other stochastic methods},
journal   = WaterResourcesResearch,
year      = {2007},
volume    = {43},
number    = {9},
pages     = {1--13},
eid       = {W09409},
issn      = {1944-7973},
doi       = {10.1029/2006WR005673},
}
% journal   = {Water Resources Research},

@article{Hydro:Ciriello2013,
author    = {Ciriello, V. and Di Federico, V. and Riva, M. and Cadini, F. and De Sanctis, J. and Zio, E. and Guadagnini, A.},
title     = {Polynomial chaos expansion for global sensitivity analysis applied to a model of radionuclide migration in a randomly heterogeneous aquifer},
journal   = StochasticEnvironmentalResearchandRiskAssessment,
year      = {2013},
volume    = {27},
number    = {4},
pages     = {945--954},
issn      = {1436-3259},
doi       = {10.1007/s00477-012-0616-7},
}
% journal   = {Stochastic Environmental Research and Risk Assessment},

@article{Hydro:Sochala2013,
author    = {Sochala, P. and Le Ma\^{i}tre, O.~P.},
title     = {Polynomial Chaos expansion for subsurface flows with uncertain soil parameters},
journal   = AdvancesinWaterResources,
year      = {2013},
volume    = {62},
series    = {A},
pages     = {139--154},
issn      = {0309-1708},
doi       = {10.1016/j.advwatres.2013.10.003},
}
% journal   = {Advances in Water Resources},
% url       = {http://www.sciencedirect.com/science/article/pii/S030917081300184X},

@article{Hydro:Wu2014,
author    = {Wu, B. and Zheng, Y. and Tian, Y. and Wu, X. and Yao, Y. and Han, F. and Liu, J. and Zheng, C.},
title     = {Systematic assessment of the uncertainty in integrated surface water-groundwater modeling based on the probabilistic collocation method},
journal   = WaterResourcesResearch,
year      = {2014},
volume    = {50},
number    = {7},
pages     = {5848--5865},
issn      = {1944-7973},
doi       = {10.1002/2014WR015366},
}
% journal   = {Water Resources Research},

@article{Hydro:Wang2015,
author    = {Wang, S. and Huang, G.~H. and Baetz, B.~W. and Huang, W.},
title     = {A polynomial chaos ensemble hydrologic prediction system for efficient parameter inference and robust uncertainty assessment},
journal   = JournalofHydrology,
year      = {2015},
volume    = {530},
pages     = {716--733},
issn      = {0022-1694},
doi       = {10.1016/j.jhydrol.2015.10.021},
}
% journal   = {Journal of Hydrology},
% url       = {http://www.sciencedirect.com/science/article/pii/S0022169415007805},

@article{Hydro:Rajabi2015,
author    = {Rajabi, M.~M. and Ataie-Ashtiani, B. and Simmons, C.~T.},
title     = {Polynomial chaos expansions for uncertainty propagation and moment independent sensitivity analysis of seawater intrusion simulations},
journal   = JournalofHydrology,
year      = {2015},
volume    = {520},
pages     = {101--122},
issn      = {0022-1694},
doi       = {10.1016/j.jhydrol.2014.11.020},
}
% journal   = {Journal of Hydrology},
% url       = {http://www.sciencedirect.com/science/article/pii/S0022169414009251},

@article{Hydro:Fan2015,
author    = {Fan, Y.~R. and Huang, W. and Huang, G.~H. and Huang, K. and Zhou, X.},
title     = {A {PCM}-based stochastic hydrological model for uncertainty quantification in watershed systems},
journal   = StochasticEnvironmentalResearchandRiskAssessment,
year      = {2015},
volume    = {29},
number    = {3},
pages     = {915--927},
issn      = {1436-3259},
doi       = {10.1007/s00477-014-0954-8},
}
% journal   = {Stochastic Environmental Research and Risk Assessment},

% SENSITIVITY ANALYSIS

@article{Hydro:Baroni2014,
author    = {Baroni, G. and Tarantola, S.},
title     = {A General Probabilistic Framework for uncertainty and global sensitivity analysis of deterministic models: {A} hydrological case study},
journal   = EnvironmentalModellingSoftware,
year      = {2014},
volume    = {51},
pages     = {26--34},
issn      = {1364-8152},
doi       = {10.1016/j.envsoft.2013.09.022},
}
% journal   = {Environmental Modelling \& Software},
% url       = {http://www.sciencedirect.com/science/article/pii/S1364815213002211},

@article{Hydro:Song2015,
author    = {Song, X. and Zhang, J. and Zhan, C. and Xuan, Y. and Ye, M. and Xu, C.},
title     = {Global sensitivity analysis in hydrological modeling: {R}eview of concepts, methods, theoretical framework, and applications},
journal   = JournalofHydrology,
year      = {2015},
volume    = {523},
pages     = {739--757},
issn      = {0022-1694},
doi       = {10.1016/j.jhydrol.2015.02.013},
}
% journal   = {Journal of Hydrology},
% url       = {http://www.sciencedirect.com/science/article/pii/S0022169415001249},

@article{Hydro:Pianosi2016,
author    = {Pianosi, F. and Beven, K. and Freer, J. and Hall, J.~W. and Rougier, J. and Stephenson, D.~B. and Wagener, T.},
title     = {Sensitivity analysis of environmental models: {A} systematic review with practical workflow},
journal   = EnvironmentalModellingSoftware,
year      = {2016},
volume    = {79},
pages     = {214--232},
issn      = {1364-8152},
doi       = {10.1016/j.envsoft.2016.02.008},
}
% journal   = {Environmental Modelling \& Software},
% url       = {http://www.sciencedirect.com/science/article/pii/S1364815216300287},


%%%%%%%%%%%%%%%%%%
% MODAL ANALYSIS %
%%%%%%%%%%%%%%%%%%

@article{Modal:Pintelon2007,
author    = {Pintelon, R. and Guillaume, P. and Schoukens, J.},
title     = {Uncertainty calculation in (operational) modal analysis},
journal   = MechanicalSystemsandSignalProcessing,
year      = {2007},
volume    = {21},
number    = {6},
pages     = {2359--2373},
issn      = {0888-3270},
doi       = {10.1016/j.ymssp.2006.11.007},
}
% journal   = {Mechanical Systems and Signal Processing},
% url       = {http://www.sciencedirect.com/science/article/pii/S0888327006002561},

@article{Modal:Au2013,
author    = {Au, S.-K. and Zhang, F.-L. and Ni, Y.-C.},
title     = {{B}ayesian operational modal analysis: {T}heory, computation, practice},
journal   = ComputersStructures,
year      = {2013},
volume    = {126},
pages     = {3--14},
issn      = {0045-7949},
doi       = {10.1016/j.compstruc.2012.12.015},
}
% journal   = {Computers \& Structures},
% note      = {Uncertainty Quantification in structural analysis and design: To commemorate Professor Gerhart I. Schueller for his life-time contribution in the area of computational stochastic mechanics},
% url       = {http://www.sciencedirect.com/science/article/pii/S0045794912003288},


%%%%%%%%%%%%%%%%%%%%%
% CRACK PROPAGATION %
%%%%%%%%%%%%%%%%%%%%%

% PARIS-ERDOGAN LAW

@article{Crack:Paris1963,
author    = {Paris, P. and Erdogan, F.},
title     = {A Critical Analysis of Crack Propagation Laws},
journal   = JournalofBasicEngineering,
year      = {1963},
volume    = {85},
number    = {4},
pages     = {528--533},
issn      = {0098-2202},
doi       = {10.1115/1.3656900},
}
% journal   = {Journal of Basic Engineering},

% VIRKLER DATA

@article{Crack:Virkler1979,
author    = {Virkler, D.~A. and Hillberry, B.~M. and Goel, P.~K.},
title     = {The Statistical Nature of Fatigue Crack Propagation},
journal   = JournalofEngineeringMaterialsandTechnology,
year      = {1979},
volume    = {101},
number    = {2},
pages     = {148--153},
issn      = {0094-4289},
doi       = {10.1115/1.3443666},
}
% journal   = {Journal of Engineering Materials and Technology},

@article{Crack:Ditlevsen1986,
author    = {Ditlevsen, O. and Olesen, R.},
title     = {Statistical analysis of the {V}irkler data on fatigue crack growth},
journal   = EngineeringFractureMechanics,
year      = {1986},
volume    = {25},
number    = {2},
pages     = {177--195},
issn      = {0013-7944},
doi       = {10.1016/0013-7944(86)90217-1},
}
% journal   = {Engineering Fracture Mechanics},
% url       = {http://www.sciencedirect.com/science/article/pii/0013794486902171},

@article{Crack:Ortiz1986,
author    = {Ortiz, K. and Kiremidjian, A.~S.},
title     = {Time series analysis of fatigue crack growth rate data},
journal   = EngineeringFractureMechanics,
year      = {1986},
volume    = {24},
number    = {5},
pages     = {657--675},
issn      = {0013-7944},
doi       = {10.1016/0013-7944(86)90241-9},
}
% journal   = {Engineering Fracture Mechanics},
% url       = {http://www.sciencedirect.com/science/article/pii/0013794486902419},

@article{Crack:Kotulski1998,
author    = {Kotulski, Z.~A.},
title     = {On efficiency of identification of a stochastic crack propagation model based on {V}irkler experimental data},
journal   = ArchivesofMechanics,
year      = {1998},
volume    = {50},
number    = {5},
pages     = {829--847},
}
% journal   = {Archives of Mechanics},

% INTRODUCTIONS

@book{Crack:Gdoutos2005,
author    = {Gdoutos, E.~E.},
title     = {Fracture Mechanics: An Introduction},
publisher = {Springer},
address   = {Dordrecht, Netherlands},
year      = {2005},
edition   = {2},
series    = {Solid Mechanics and Its Applications},
volume    = {123},
doi       = {10.1007/1-4020-3153-X},
}

@book{Crack:Anderson2005,
author    = {Anderson, T.~L.},
title     = {Fracture Mechanics: Fundamentals and Applications},
publisher = {CRC Press},
address   = {Boca Raton, Florida, USA},
year      = {2005},
edition   = {3},
}

@book{Crack:Gross2011,
author    = {Gross, D. and Seelig, T.},
title     = {Fracture Mechanics: With an Introduction to Micromechanics},
publisher = {Springer-Verlag Berlin Heidelberg},
year      = {2011},
edition   = {2},
series    = {Mechanical Engineering Series},
doi       = {10.1007/978-3-642-19240-1},
}

@book{Crack:Zehnder2012,
author    = {Zehnder, A.~T.},
title     = {Fracture Mechanics},
publisher = {Springer},
address   = {London},
year      = {2012},
series    = {Lecture Notes in Applied and Computational Mechanics},
volume    = {62},
doi       = {10.1007/978-94-007-2595-9},
}

@book{Crack:Kuna2013,
author    = {Kuna, M.},
title     = {Finite Elements in Fracture Mechanics: Theory---Numerics---Applications},
publisher = {Springer},
address   = {Dordrecht, Netherlands},
year      = {2013},
series    = {Solid Mechanics and Its Applications},
volume    = {201},
doi       = {10.1007/978-94-007-6680-8},
}

@book{Crack:Perez2017,
author    = {Perez, N.},
title     = {Fracture Mechanics},
publisher = {Springer International Publishing},
address   = {Cham, Switzerland},
year      = {2017},
edition   = {2},
doi       = {10.1007/978-3-319-24999-5},
}

% BAYESIAN

@inproceedings{Crack:An2011:Conf,
author    = {An, D. and Choi, J.-H. and Kim, N.~H.},
title     = {Identification of Correlated Damage Parameters under Noise and Bias Using {B}ayesian Inference},
booktitle = {52nd AIAA/ASME/ASCE/AHS/ASC Structures, Structural Dynamics and Materials Conference},
year      = {2011},
month     = apr#{~4-7},
address   = {Denver, Colorado, USA},
doi       = {10.2514/6.2011-1838},
}

@incollection{Crack:An2011:Proc,
author    = {An, D. and Choi, J.-H. and Kim, N.~H.},
title     = {Identification of Correlated Damage Parameters under Noise and Bias Using {B}ayesian Inference},
booktitle = {52nd AIAA/ASME/ASCE/AHS/ASC Structures, Structural Dynamics and Materials Conference},
year      = {2011},
publisher = {American Institute of Aeronautics and Astronautics (AIAA)},
address   = {Reston, Virginia, USA},
doi       = {10.2514/6.2011-1838},
}

@article{Crack:An2012,
author    = {An, D. and Choi, J.-H. and Kim, N.~H.},
title     = {Identification of correlated damage parameters under noise and bias using {B}ayesian inference},
journal   = StructuralHealthMonitoring,
year      = {2012},
volume    = {11},
number    = {3},
pages     = {293--303},
doi       = {10.1177/1475921711424520},
}
% journal   = {Structural Health Monitoring},
% url       = {http://shm.sagepub.com/content/11/3/293.abstract},
% eprint    = {http://shm.sagepub.com/content/11/3/293.full.pdf+html},

@article{Crack:Coppe2012,
author    = {Coppe, A. and Pais, M.~J. and Haftka, R.~T. and Kim, N.~H.},
title     = {Using a Simple Crack Growth Model in Predicting Remaining Useful Life},
journal   = JournalofAircraft,
year      = {2012},
volume    = {49},
number    = {6},
pages     = {1965--1973},
issn      = {0021-8669},
doi       = {10.2514/1.C031808},
publisher = {American Institute of Aeronautics and Astronautics (AIAA)},
}
% journal   = {Journal of Aircraft},

@article{Crack:Guan2011,
author    = {Guan, X. and Jha, R. and Liu, Y.},
title     = {Model selection, updating, and averaging for probabilistic fatigue damage prognosis},
journal   = StructuralSafety,
year      = {2011},
volume    = {33},
number    = {3},
pages     = {242--249},
issn      = {0167-4730},
doi       = {10.1016/j.strusafe.2011.03.006},
}
% journal   = {Structural Safety},
% url       = {http://www.sciencedirect.com/science/article/pii/S0167473011000282},

@article{Crack:Guan2012,
author    = {Guan, X. and Jha, R. and Liu, Y.},
title     = {Probabilistic fatigue damage prognosis using maximum entropy approach},
journal   = JournalofIntelligentManufacturing,
year      = {2012},
volume    = {23},
number    = {2},
pages     = {163--171},
issn      = {0956-5515},
doi       = {10.1007/s10845-009-0341-3},
publisher = {Springer US},
}
% journal   = {Journal of Intelligent Manufacturing},

@article{Crack:Robinson2000,
author    = {Robinson, M.~E. and Crowder, M.~J.},
title     = {{B}ayesian Methods for a Growth-Curve Degradation Model with Repeated Measures},
journal   = LifetimeDataAnalysis,
year      = {2000},
volume    = {6},
number    = {4},
pages     = {357--374},
issn      = {1380-7870},
doi       = {10.1023/A:1026509432144},
publisher = {Kluwer Academic Publishers},
}
% journal   = {Lifetime Data Analysis},

@article{Crack:Zarate2012,
author    = {Z\'{a}rate, B.~A. and Caicedo, J.~M. and Yu, J. and Ziehl, P.},
title     = {{B}ayesian model updating and prognosis of fatigue crack growth},
journal   = EngineeringStructures,
year      = {2012},
volume    = {45},
pages     = {53--61},
issn      = {0141-0296},
doi       = {10.1016/j.engstruct.2012.06.012},
}
% journal   = {Engineering Structures},
% url       = {http://www.sciencedirect.com/science/article/pii/S014102961200315X},

@article{Crack:Sankararaman2011,
author    = {Sankararaman, S. and Ling, Y. and Mahadevan, S.},
title     = {Uncertainty quantification and model validation of fatigue crack growth prediction},
journal   = EngineeringFractureMechanics,
year      = {2011},
volume    = {78},
number    = {7},
pages     = {1487--1504},
issn      = {0013-7944},
doi       = {10.1016/j.engfracmech.2011.02.017},
}
% journal   = {Engineering Fracture Mechanics},
% url       = {http://www.sciencedirect.com/science/article/pii/S0013794411000865},

@article{Crack:Hermann2016,
author    = {Hermann, S. and Ickstadt, K. and M\"{u}ller, C.~H.},
title     = {{B}ayesian prediction of crack growth based on a hierarchical diffusion model},
journal   = AppliedStochasticModelsinBusinessandIndustry,
year      = {2016},
volume    = {32},
number    = {4},
pages     = {494--510},
issn      = {1526-4025},
doi       = {10.1002/asmb.2175},
}
% journal   = {Applied Stochastic Models in Business and Industry},

% EXTENSIONS

@article{Crack:Pugno2006,
author    = {Pugno, N. and Ciavarella, M. and Cornetti, P. and Carpinteri, A.},
title     = {A generalized {P}aris' law for fatigue crack growth},
journal   = JournaloftheMechanicsandPhysicsofSolids,
year      = {2006},
volume    = {54},
number    = {7},
pages     = {1333--1349},
issn      = {0022-5096},
doi       = {10.1016/j.jmps.2006.01.007},
}
% journal   = {Journal of the Mechanics and Physics of Solids},
% url       = {http://www.sciencedirect.com/science/article/pii/S0022509606000196},

@article{Crack:Pugno2007,
author    = {Pugno, N. and Cornetti, P. and Carpinteri, A.},
title     = {New unified laws in fatigue: {F}rom the {W}\"{o}hler's to the {P}aris' regime},
journal   = EngineeringFractureMechanics,
year      = {2007},
volume    = {74},
number    = {4},
pages     = {595--601},
issn      = {0013-7944},
doi       = {10.1016/j.engfracmech.2006.07.009},
}
% journal   = {Engineering Fracture Mechanics},
% note      = {Fracture and Damage in Engineering Applications: XXXIV National Conference of the AIAS},
% url       = {http://www.sciencedirect.com/science/article/pii/S0013794406002591},

@article{Crack:Vieira2008,
author    = {Vieira, A.~P. and Andrade, J.~S. and Herrmann, H.~J.},
title     = {Subcritical Crack Growth: {T}he Microscopic Origin of {P}aris' Law},
journal   = PhysicalReviewLetters,
year      = {2008},
volume    = {100},
issue     = {19},
pages     = {1--4},
eid       = {195503},
doi       = {10.1103/PhysRevLett.100.195503},
publisher = {American Physical Society},
}
% journal   = {Physical Review Letters},
% url       = {http://link.aps.org/doi/10.1103/PhysRevLett.100.195503},

