

%%%%%%%%%%%%%%%%%%%%%%
% INTRODUCTORY BOOKS %
%%%%%%%%%%%%%%%%%%%%%%

% MARKOV CHAIN MONTE CARLO

@book{MCMC:Gilks1996,
editor    = {Gilks, W.~R. and Richardson, S. and Spiegelhalter, D.~J.},
title     = {Markov Chain Monte Carlo in Practice},
publisher = {Chapman \& Hall/CRC},
address   = {Boca Raton, Florida, USA},
year      = {1996},
series    = {Interdisciplinary Statistics},
}

@book{MCMC:Gamerman2006,
author    = {Gamerman, D. and Lopes, H.~F.},
title     = {Markov Chain Monte Carlo: Stochastic Simulation for Bayesian Inference},
publisher = {Chapman \& Hall/CRC},
address   = {Boca Raton, Florida, USA},
year      = {2006},
edition   = {2},
series    = {Texts in Statistical Science},
number    = {68},
}

@book{MCMC:Liang2010,
author    = {Liang, F. and Liu, C. and Carroll, R.~J.},
title     = {Advanced Markov Chain Monte Carlo Methods: Learning from Past Samples},
publisher = {John Wiley \& Sons, Ltd.},
address   = {Chichester, West Sussex, UK},
year      = {2010},
series    = {Wiley Series in Computational Statistics},
doi       = {10.1002/9780470669723},
}

@book{MCMC:Brooks2011,
editor    = {Brooks, S. and Gelman, A. and Jones, G.~L. and Meng, X.-L.},
title     = {Handbook of Markov Chain Monte Carlo},
publisher = {Chapman \& Hall/CRC},
address   = {Boca Raton, Florida, USA},
year      = {2011},
series    = {Handbooks of Modern Statistical Methods},
doi       = {10.1201/b10905},
}

% MARKOV PROCESSES

@book{MCMC:Pardoux2008,
author    = {Pardoux, E.},
title     = {Markov Processes and Applications: Algorithms, Networks, Genome and Finance},
publisher = {John Wiley \& Sons, Ltd.},
address   = {Chichester, West Sussex, UK},
year      = {2008},
series    = {Wiley Series in Probability and Statistics},
doi       = {10.1002/9780470721872},
}

% MONTE CARLO

@book{MCMC:Ripley1987,
author    = {Ripley, B.~D.},
title     = {Stochastic Simulation},
publisher = {John Wiley \& Sons, Inc.},
address   = {New York},
year      = {1987},
series    = {Wiley Series in Probability and Statistics},
doi       = {10.1002/9780470316726},
}

@book{MCMC:Evans2000,
author    = {Evans, M. and Swartz, T.},
title     = {Approximating Integrals via Monte Carlo and Deterministic Methods},
publisher = {Oxford University Press},
address   = {Oxford, UK},
year      = {2000},
series    = {Oxford Statistical Science Series},
number    = {20},
}

@book{MCMC:Chen2000,
author    = {Chen, M.-H. and Shao, Q.-M. and Ibrahim, J.~G.},
title     = {Monte Carlo Methods in Bayesian Computation},
publisher = {Springer-Verlag},
address   = {New York},
year      = {2000},
series    = {Springer Series in Statistics},
doi       = {10.1007/978-1-4612-1276-8},
}

@book{MCMC:Robert2004,
author    = {Robert, C.~P. and Casella, G.},
title     = {Monte Carlo Statistical Methods},
publisher = {Springer},
address   = {New York},
year      = {2004},
edition   = {2},
series    = {Springer Series in Statistics},
doi       = {10.1007/978-1-4757-4145-2},
}

@book{MCMC:Liu2004,
author    = {Liu, J.~S.},
title     = {Monte Carlo Strategies in Scientific Computing},
publisher = {Springer},
address   = {New York},
year      = {2004},
series    = {Springer Series in Statistics},
doi       = {10.1007/978-0-387-76371-2},
}

@book{MCMC:Shonkwiler2009,
author    = {Shonkwiler, R.~W. and Mendivil, F.},
title     = {Explorations in Monte Carlo Methods},
publisher = {Springer},
address   = {New York},
year      = {2009},
series    = {Undergraduate Texts in Mathematics},
doi       = {10.1007/978-0-387-87837-9},
}

@book{MCMC:Dunn2011,
author    = {Dunn, W.~L. and Shultis, J.~K.},
title     = {Exploring Monte Carlo Methods},
publisher = {Elsevier Science},
year      = {2011},
}

@book{MCMC:Zio2013,
author    = {Zio, E.},
title     = {The Monte Carlo Simulation Method for System Reliability and Risk Analysis},
publisher = {Springer},
address   = {London},
year      = {2013},
series    = {Springer Series in Reliability Engineering},
doi       = {10.1007/978-1-4471-4588-2},
}

@book{MCMC:Rubinstein2017,
author    = {Rubinstein, R.~Y. and Kroese, D.~P.},
title     = {Simulation and the Monte Carlo Method},
publisher = {John Wiley \& Sons, Inc.},
address   = {Hoboken, New Jersey, USA},
year      = {2017},
edition   = {3},
series    = {Wiley Series in Probability and Statistics},
doi       = {10.1002/9781118631980},
}


%%%%%%%%%%%%%%%%%%%%%%%
% HISTORICAL ARTICLES %
%%%%%%%%%%%%%%%%%%%%%%%

% MONTE CARLO METHOD

@article{MCMC:Metropolis1949,
author    = {Metropolis, N. and Ulam, S.},
title     = {The {M}onte {C}arlo Method},
journal   = JournaloftheAmericanStatisticalAssociation,
year      = {1949},
volume    = {44},
number    = {247},
pages     = {335--341},
issn      = {01621459},
doi       = {10.1080/01621459.1949.10483310},
publisher = {American Statistical Association},
}
% journal   = {Journal of the American Statistical Association},
% doi       = {10.2307/2280232},
% url       = {http://www.jstor.org/stable/2280232},

% LATIN HYPERCUBE SAMPLING

@article{MCMC:MacKay1979,
author    = {McKay, M.~D. and Beckman, R.~J. and Conover, W.~J.},
title     = {A Comparison of Three Methods for Selecting Values of Input Variables in the Analysis of Output from a Computer Code},
journal   = Technometrics,
year      = {1979},
volume    = {21},
number    = {2},
pages     = {239--245},
issn      = {00401706},
doi       = {10.2307/1268522},
publisher = {Taylor \& Francis, Ltd., American Statistical Association, American Society for Quality},
}
% journal   = {Technometrics},
% url       = {http://www.jstor.org/stable/1268522},

% METROPOLIS-HASTINGS

@article{MCMC:Metropolis1953,
author    = {Metropolis, N. and Rosenbluth, A.~W. and Rosenbluth, M.~N. and Teller, A.~H. and Teller, E.},
title     = {Equation of State Calculations by Fast Computing Machines},
journal   = TheJournalofChemicalPhysics,
year      = {1953},
volume    = {21},
number    = {6},
pages     = {1087--1092},
doi       = {10.1063/1.1699114},
}
% journal   = {The Journal of Chemical Physics},
% url       = {http://scitation.aip.org/content/aip/journal/jcp/21/6/10.1063/1.1699114},

@article{MCMC:Hastings1970,
author    = {Hastings, W.~K.},
title     = {{M}onte {C}arlo sampling methods using {M}arkov chains and their applications},
journal   = Biometrika,
year      = {1970},
volume    = {57},
number    = {1},
pages     = {97--109},
doi       = {10.1093/biomet/57.1.97},
}
% journal   = {Biometrika},
% url       = {http://biomet.oxfordjournals.org/content/57/1/97.abstract},
% eprint    = {http://biomet.oxfordjournals.org/content/57/1/97.full.pdf+html},

% GIBBS SAMPLING

@article{MCMC:Casella1992,
author    = {Casella, G. and George, E.~I.},
title     = {Explaining the {G}ibbs Sampler},
journal   = TheAmericanStatistician,
year      = {1992},
volume    = {46},
number    = {3},
pages     = {167--174},
issn      = {00031305},
doi       = {10.2307/2685208},
publisher = {American Statistical Association},
}
% journal   = {The American Statistician},
% url       = {http://www.jstor.org/stable/2685208},

@article{MCMC:Geman1984,
author    = {Geman, S. and Geman, D.},
title     = {Stochastic Relaxation, {G}ibbs Distributions, and the {B}ayesian Restoration of Images},
journal   = IEEETransactionsonPatternAnalysisandMachineIntelligence,
year      = {1984},
volume    = {PAMI-6},
number    = {6},
pages     = {721--741},
issn      = {0162-8828},
doi       = {10.1109/TPAMI.1984.4767596},
}
% journal   = {IEEE Transactions on Pattern Analysis and Machine Intelligence},


%%%%%%%%%%%%%%%%%%%%%
% STANDARD ARTICLES %
%%%%%%%%%%%%%%%%%%%%%

@article{MCMC:Geyer1992,
author    = {Geyer, C.~J.},
title     = {Practical {M}arkov Chain {M}onte {C}arlo},
journal   = StatisticalScience,
year      = {1992},
volume    = {7},
number    = {4},
pages     = {473--483},
doi       = {10.1214/ss/1177011137},
publisher = {The Institute of Mathematical Statistics},
}
% journal   = {Statistical Science},

@article{MCMC:Tierney1994,
author    = {Tierney, L.},
title     = {{M}arkov Chains for Exploring Posterior Distributions},
journal   = TheAnnalsofStatistics,
year      = {1994},
volume    = {22},
number    = {4},
pages     = {1701--1728},
doi       = {10.1214/aos/1176325750},
publisher = {The Institute of Mathematical Statistics},
}
% journal   = {The Annals of Statistics},

@article{MCMC:Sherlock2010,
author    = {Sherlock, C. and Fearnhead, P. and Roberts, G.~O.},
title     = {The Random Walk {M}etropolis: {L}inking Theory and Practice Through a Case Study},
journal   = StatisticalScience,
year      = {2010},
volume    = {25},
number    = {2},
pages     = {172--190},
doi       = {10.1214/10-STS327},
publisher = {The Institute of Mathematical Statistics},
}
% journal   = {Statistical Science},

@incollection{MCMC:Geyer2011:a,
author    = {Geyer, C.~J.},
title     = {Introduction to {M}arkov Chain {M}onte {C}arlo},
booktitle = {Handbook of Markov Chain Monte Carlo},
editor    = {Brooks, S. and Gelman, A. and Jones, G.~L. and Meng, X.-L.},
year      = {2011},
chapter   = {1},
pages     = {3--48},
publisher = {Chapman \& Hall/CRC},
address   = {Boca Raton, Florida, USA},
series    = {Handbooks of Modern Statistical Methods},
doi       = {10.1201/b10905-2},
}

@article{MCMC:Craiu2014,
author    = {Craiu, R.~V. and Rosenthal, J.~S.},
title     = {{B}ayesian Computation Via {M}arkov Chain {M}onte {C}arlo},
journal   = AnnualReviewofStatisticsandItsApplication,
year      = {2014},
volume    = {1},
number    = {1},
pages     = {179--201},
doi       = {10.1146/annurev-statistics-022513-115540},
}
% journal   = {Annual Review of Statistics and Its Application},

% DENSITY ESTIMATION

@article{MCMC:Skold2003,
author    = {Sk\"{o}ld, M. and Roberts, G.~O.},
title     = {Density Estimation for the {M}etropolis--{H}astings Algorithm},
journal   = ScandinavianJournalofStatistics,
year      = {2003},
volume    = {30},
number    = {4},
pages     = {699--718},
issn      = {1467-9469},
doi       = {10.1111/1467-9469.00359},
publisher = {Blackwell Publishing Ltd},
}
% journal   = {Scandinavian Journal of Statistics},


%%%%%%%%%%%%%%%%%%%%%%
% MONTE CARLO METHOD %
%%%%%%%%%%%%%%%%%%%%%%

% STANDARD MONTE CARLO

@article{MCMC:Caflisch1998,
author    = {Caflisch, R.~E.},
title     = {{M}onte {C}arlo and quasi-{M}onte {C}arlo methods},
journal   = ActaNumerica,
year      = {1998},
volume    = {7},
pages     = {1--49},
issn      = {1474-0508},
doi       = {10.1017/S0962492900002804},
}
% journal   = {Acta Numerica},
% url       = {http://journals.cambridge.org/article_S0962492900002804},

@article{MCMC:Niederreiter1978,
author    = {Niederreiter, H.},
title     = {Quasi-{M}onte {C}arlo methods and pseudo-random numbers},
journal   = BulletinoftheAmericanMathematicalSociety,
year      = {1978},
volume    = {84},
number    = {6},
pages     = {957--1041},
doi       = {10.1090/s0002-9904-1978-14532-7},
publisher = {American Mathematical Society},
}
% journal   = {Bulletin of the American Mathematical Society},
% url       = {http://projecteuclid.org/euclid.bams/1183541461},

% IMPORTANCE SAMPLING

@article{MCMC:Tokdar2010,
author    = {Tokdar, S.~T. and Kass, R.~E.},
title     = {Importance sampling: a review},
journal   = WileyInterdisciplinaryReviewsComputationalStatistics,
year      = {2010},
volume    = {2},
number    = {1},
pages     = {54--60},
issn      = {1939-0068},
doi       = {10.1002/wics.56},
publisher = {John Wiley \& Sons, Inc.},
}
% journal   = {Wiley Interdisciplinary Reviews: Computational Statistics},

% ADAPTIVE IMPORTANCE SAMPLING

@article{MCMC:Oh1992,
author    = {Oh, M.-S. and Berger, J.~O.},
title     = {Adaptive importance sampling in {M}onte {C}arlo integration},
journal   = JournalofStatisticalComputationandSimulation,
year      = {1992},
volume    = {41},
number    = {3--4},
pages     = {143--168},
doi       = {10.1080/00949659208810398},
}
% journal   = {Journal of Statistical Computation and Simulation},

@article{MCMC:Owen2000,
author    = {Owen, A. and Zhou, Y.},
title     = {Safe and Effective Importance Sampling},
journal   = JournaloftheAmericanStatisticalAssociation,
year      = {2000},
volume    = {95},
number    = {449},
pages     = {135--143},
doi       = {10.1080/01621459.2000.10473909},
}
% journal   = {Journal of the American Statistical Association},
% url       = {http://amstat.tandfonline.com/doi/abs/10.1080/01621459.2000.10473909},
% eprint    = {http://amstat.tandfonline.com/doi/pdf/10.1080/01621459.2000.10473909},

@article{MCMC:Li2015,
author    = {Li, W. and Lin, G.},
title     = {An adaptive importance sampling algorithm for {B}ayesian inversion with multimodal distributions},
journal   = JournalofComputationalPhysics,
year      = {2015},
volume    = {294},
pages     = {173--190},
issn      = {0021-9991},
doi       = {10.1016/j.jcp.2015.03.047},
}
% journal   = {Journal of Computational Physics},
% url       = {http://www.sciencedirect.com/science/article/pii/S0021999115002028},


%%%%%%%%%%%%%%%%%%%%%%%%%%%%%%%%%%%%%%%%%%%%%
% SEQUENTIAL MONTE CARLO & PARTICLE FILTERS %
%%%%%%%%%%%%%%%%%%%%%%%%%%%%%%%%%%%%%%%%%%%%%

% BOOKS

@book{MCMC:Doucet2001,
editor    = {Doucet, A. and de Freitas, N. and Gordon, N.},
title     = {Sequential Monte Carlo Methods in Practice},
publisher = {Springer},
address   = {New York},
year      = {2001},
series    = {Statistics for Engineering and Information Science},
doi       = {10.1007/978-1-4757-3437-9},
}

@book{MCMC:DelMoral2004,
author    = {Del Moral, P.},
title     = {Feynman-Kac Formulae: Genealogical and Interacting Particle Systems with Applications},
publisher = {Springer-Verlag},
address   = {New York},
year      = {2004},
series    = {Probability and Its Applications},
doi       = {10.1007/978-1-4684-9393-1},
}

@book{MCMC:DelMoral2013,
author    = {Del Moral, P.},
title     = {Mean Field Simulation for Monte Carlo Integration},
publisher = {CRC Press},
address   = {Boca Raton, Florida, USA},
year      = {2013},
series    = {Monographs on Statistics and Applied Probability},
number    = {126},
}

% ARTICLES

@article{MCMC:Liu1998,
author    = {Liu, J.~S. and Chen, R.},
title     = {Sequential {M}onte {C}arlo Methods for Dynamic Systems},
journal   = JournaloftheAmericanStatisticalAssociation,
year      = {1998},
volume    = {93},
number    = {443},
pages     = {1032--1044},
doi       = {10.1080/01621459.1998.10473765},
}
% journal   = {Journal of the American Statistical Association},

@article{MCMC:Doucet2000,
author    = {Doucet, A. and Godsill, S. and Andrieu, C.},
title     = {On sequential {M}onte {C}arlo sampling methods for {B}ayesian filtering},
journal   = StatisticsandComputing,
year      = {2000},
volume    = {10},
number    = {3},
pages     = {197--208},
issn      = {1573-1375},
doi       = {10.1023/A:1008935410038},
}
% journal   = {Statistics and Computing},

@article{MCMC:DelMoral2006,
author    = {Del Moral, P. and Doucet, A. and Jasra, A.},
title     = {Sequential {M}onte {C}arlo samplers},
journal   = JournaloftheRoyalStatisticalSocietySeriesBStatisticalMethodology,
year      = {2006},
volume    = {68},
number    = {3},
pages     = {411--436},
issn      = {1467-9868},
doi       = {10.1111/j.1467-9868.2006.00553.x},
publisher = {Blackwell Publishing Ltd},
}
% journal   = {Journal of the Royal Statistical Society: Series B (Statistical Methodology)},

@article{MCMC:Cappe2007,
author    = {Capp\'{e}, O. and Godsill, S.~J. and Moulines, E.},
title     = {An Overview of Existing Methods and Recent Advances in Sequential {M}onte {C}arlo},
journal   = ProceedingsoftheIEEE,
year      = {2007},
volume    = {95},
number    = {5},
pages     = {899--924},
issn      = {0018-9219},
doi       = {10.1109/JPROC.2007.893250},
}
% journal   = {Proceedings of the IEEE},

@article{MCMC:Andrieu2010,
author    = {Andrieu, C. and Doucet, A. and Holenstein, R.},
title     = {Particle {M}arkov chain {M}onte {C}arlo methods},
journal   = JournaloftheRoyalStatisticalSocietySeriesBStatisticalMethodology,
year      = {2010},
volume    = {72},
number    = {3},
pages     = {269--342},
issn      = {1467-9868},
doi       = {10.1111/j.1467-9868.2009.00736.x},
publisher = {Blackwell Publishing Ltd.},
}
% journal   = {Journal of the Royal Statistical Society: Series B (Statistical Methodology)},

@article{MCMC:DelMoral2014,
author    = {Del Moral, P. and Doucet, A.},
title     = {Particle Methods: {A}n Introduction with Applications},
journal   = ESAIMProceedings,
year      = {2014},
volume    = {44},
pages     = {1--46},
doi       = {10.1051/proc/201444001},
}
% journal   = {ESAIM: Proceedings},

@article{MCMC:Jouin2016,
author    = {Jouin, M. and Gouriveau, R. and Hissel, D. and P\'{e}ra, M.-C. and Zerhouni, N.},
title     = {Particle filter-based prognostics: {R}eview, discussion and perspectives},
journal   = MechanicalSystemsandSignalProcessing,
year      = {2016},
volume    = {72--73},
pages     = {2--31},
issn      = {0888-3270},
doi       = {10.1016/j.ymssp.2015.11.008},
}
% journal   = {Mechanical Systems and Signal Processing},
% url       = {http://www.sciencedirect.com/science/article/pii/S088832701500504X},


%%%%%%%%%%%%%%%%%%%%%%%%%%%%%%%%%%%%%%%%%%%%
% SIMULATED ANNEALING & PARALLEL TEMPERING %
%%%%%%%%%%%%%%%%%%%%%%%%%%%%%%%%%%%%%%%%%%%%

% TEMPERING

@article{MCMC:Neal1996:b,
author    = {Neal, R.~M.},
title     = {Sampling from multimodal distributions using tempered transitions},
journal   = StatisticsandComputing,
year      = {1996},
volume    = {6},
number    = {4},
pages     = {353--366},
issn      = {1573-1375},
doi       = {10.1007/BF00143556},
}
% journal  = {Statistics and Computing},

@article{MCMC:Neal2001,
author    = {Neal, R.~M.},
title     = {Annealed importance sampling},
journal   = StatisticsandComputing,
year      = {2001},
volume    = {11},
number    = {2},
pages     = {125--139},
issn      = {1573-1375},
doi       = {10.1023/A:1008923215028},
}
% journal   = {Statistics and Computing},

@incollection{MCMC:Geyer2011:b,
author    = {Geyer, C.~J.},
title     = {Importance Sampling, Simulated Tempering and Umbrella Sampling},
booktitle = {Handbook of {M}arkov Chain {M}onte {C}arlo},
editor    = {Brooks, S. and Gelman, A. and Jones, G.~L. and Meng, X.-L.},
year      = {2011},
chapter   = {11},
pages     = {295--311},
publisher = {Chapman \& Hall/CRC},
address   = {Boca Raton, Florida, USA},
series    = {Handbooks of Modern Statistical Methods},
doi       = {10.1201/b10905-12},
}

@article{MCMC:Sambridge2014,
author    = {Sambridge, M.},
title     = {A Parallel Tempering algorithm for probabilistic sampling and multimodal optimization},
journal   = GeophysicalJournalInternational,
year      = {2014},
volume    = {196},
number    = {1},
pages     = {357--374},
doi       = {10.1093/gji/ggt342},
}
% journal   = {Geophysical Journal International},
% url       = {http://gji.oxfordjournals.org/content/196/1/357.abstract},
% eprint    = {http://gji.oxfordjournals.org/content/196/1/357.full.pdf+html},

% POWER POSTERIORS

@article{MCMC:Gelman1998,
author    = {Gelman, A. and Meng, X.-L.},
title     = {Simulating Normalizing Constants: {F}rom Importance Sampling to Bridge Sampling to Path Sampling},
journal   = StatisticalScience,
year      = {1998},
volume    = {13},
number    = {2},
pages     = {163--185},
doi       = {10.1214/ss/1028905934},
publisher = {The Institute of Mathematical Statistics},
}
% journal   = {Statistical Science},

@article{MCMC:Friel2008,
author    = {Friel, N. and Pettitt, A.~N.},
title     = {Marginal likelihood estimation via power posteriors},
journal   = JournaloftheRoyalStatisticalSocietySeriesBStatisticalMethodology,
year      = {2008},
volume    = {70},
number    = {3},
pages     = {589--607},
issn      = {1467-9868},
doi       = {10.1111/j.1467-9868.2007.00650.x},
publisher = {Blackwell Publishing Ltd},
}
% journal   = {Journal of the Royal Statistical Society: Series B (Statistical Methodology)},

@article{MCMC:Friel2014,
author    = {Friel, N. and Hurn, M. and Wyse, J.},
title     = {Improving power posterior estimation of statistical evidence},
journal   = StatisticsandComputing,
year      = {2014},
volume    = {24},
number    = {5},
pages     = {709--723},
issn      = {1573-1375},
doi       = {10.1007/s11222-013-9397-1},
}
% journal   = {Statistics and Computing},

% THERMODYNAMIC INTEGRATION

@article{MCMC:Goggans2004,
author    = {Goggans, P.~M. and Chi, Y.},
title     = {Using Thermodynamic Integration to Calculate the Posterior Probability in {B}ayesian Model Selection Problems},
journal   = AIPConferenceProceedings,
year      = {2004},
volume    = {707},
number    = {1},
pages     = {59--66},
doi       = {10.1063/1.1751356},
}
% journal   = {AIP Conference Proceedings},
% url       = {http://aip.scitation.org/doi/abs/10.1063/1.1751356},
% eprint    = {http://aip.scitation.org/doi/pdf/10.1063/1.1751356},

@article{MCMC:Lartillot2006,
author    = {Lartillot, N. and Philippe, H.},
title     = {Computing {B}ayes Factors Using Thermodynamic Integration},
journal   = SystematicBiology,
year      = {2006},
volume    = {55},
number    = {2},
pages     = {195--207},
doi       = {10.1080/10635150500433722},
}
% journal   = {Systematic Biology},
% eprint    = {http://sysbio.oxfordjournals.org/content/55/2/195.full.pdf+html},

@article{MCMC:Calderhead2009,
author    = {Calderhead, B. and Girolami, M.},
title     = {Estimating {B}ayes factors via thermodynamic integration and population {MCMC}},
journal   = ComputationalStatisticsDataAnalysis,
year      = {2009},
volume    = {53},
number    = {12},
pages     = {4028--4045},
issn      = {0167-9473},
doi       = {10.1016/j.csda.2009.07.025},
}
% journal   = {Computational Statistics \& Data Analysis},
% url       = {http://www.sciencedirect.com/science/article/pii/S0167947309002722},

@article{MCMC:Oates2016,
author    = {Oates, C.~J. and Papamarkou, T. and Girolami, M.},
title     = {The Controlled Thermodynamic Integral for {B}ayesian Model Evidence Evaluation},
journal   = JournaloftheAmericanStatisticalAssociation,
year      = {2016},
volume    = {111},
number    = {514},
pages     = {634--645},
doi       = {10.1080/01621459.2015.1021006},
}
% journal   = {Journal of the American Statistical Association},

@article{MCMC:Hug2016,
author    = {Hug, S. and Schwarzfischer, M. and Hasenauer, J. and Marr, C. and Theis, F.~J.},
title     = {An adaptive scheduling scheme for calculating {B}ayes factors with thermodynamic integration using {S}impson's rule},
journal   = StatisticsandComputing,
year      = {2016},
volume    = {26},
number    = {3},
pages     = {663--677},
issn      = {1573-1375},
doi       = {10.1007/s11222-015-9550-0},
}
% journal   = {Statistics and Computing},

@article{MCMC:Liu2016,
author    = {Liu, P. and Elshall, A.~S. and Ye, M. and Beerli, P. and Zeng, X. and Lu, D. and Tao, Y.},
title     = {Evaluating marginal likelihood with thermodynamic integration method and comparison with several other numerical methods},
journal   = WaterResourcesResearch,
year      = {2016},
volume    = {52},
number    = {2},
pages     = {734--758},
issn      = {1944-7973},
doi       = {10.1002/2014WR016718},
}
% journal   = {Water Resources Research},


%%%%%%%%%%%%%%%%%%%%%
% REPARAMETRIZATION %
%%%%%%%%%%%%%%%%%%%%%

@article{MCMC:Roberts1997:a,
author    = {Roberts, G.~O. and Sahu, S.~K.},
title     = {Updating Schemes, Correlation Structure, Blocking and Parameterization for the {G}ibbs Sampler},
journal   = JournaloftheRoyalStatisticalSocietySeriesBStatisticalMethodology,
year      = {1997},
volume    = {59},
number    = {2},
pages     = {291--317},
issn      = {1467-9868},
doi       = {10.1111/1467-9868.00070},
publisher = {Blackwell Publishers Ltd.},
}
% journal   = {Journal of the Royal Statistical Society: Series B (Statistical Methodology)},


%%%%%%%%%%%%%%%%%%
% GIBBS SAMPLING %
%%%%%%%%%%%%%%%%%%

% LOGNORMAL MODELS

@article{MCMC:Upadhyay2001,
author    = {Upadhyay, S.~K. and Peshwani, M.},
title     = {Full posterior analysis of three parameter lognormal distribution using {G}ibbs sampler},
journal   = JournalofStatisticalComputationandSimulation,
year      = {2001},
volume    = {71},
number    = {3},
pages     = {215--230},
doi       = {10.1080/00949650108812144},
}
% journal   = {Journal of Statistical Computation and Simulation},

@article{MCMC:Upadhyay2008,
author    = {Upadhyay, S.~K. and Peshwani, M.},
title     = {Posterior analysis of lognormal regression models using the {G}ibbs sampler},
journal   = StatisticalPapers,
year      = {2008},
volume    = {49},
number    = {1},
pages     = {59--85},
issn      = {0932-5026},
doi       = {10.1007/s00362-006-0372-1},
publisher = {Springer-Verlag},
}
% journal   = {Statistical Papers},


%%%%%%%%%%%%%%%%%%%
% DIRECT SAMPLING %
%%%%%%%%%%%%%%%%%%%

@article{MCMC:Walker2011,
author    = {Walker, S.~G. and Laud, P.~W. and Zantedeschi, D. and Damien, P.},
title     = {Direct Sampling},
journal   = JournalofComputationalandGraphicalStatistics,
year      = {2011},
volume    = {20},
number    = {3},
pages     = {692--713},
doi       = {10.1198/jcgs.2011.09090},
}
% journal   = {Journal of Computational and Graphical Statistics},
% url       = {http://www.tandfonline.com/doi/abs/10.1198/jcgs.2011.09090},
% eprint    = {http://www.tandfonline.com/doi/pdf/10.1198/jcgs.2011.09090},


%%%%%%%%%%%%%%%%%%
% SLICE SAMPLING %
%%%%%%%%%%%%%%%%%%

@article{MCMC:Besag1993,
author    = {Besag, J. and Green, P.~J.},
title     = {Spatial Statistics and {B}ayesian Computation},
journal   = JournaloftheRoyalStatisticalSocietySeriesBMethodological,
year      = {1993},
volume    = {55},
number    = {1},
pages     = {25--37},
issn      = {00359246},
publisher = {Wiley for the Royal Statistical Society},
}
% journal   = {Journal of the Royal Statistical Society. Series B (Methodological)},
% url       = {http://www.jstor.org/stable/2346064},

@article{MCMC:Neal2003,
author    = {Neal, R.~M.},
title     = {Slice sampling},
journal   = TheAnnalsofStatistics,
year      = {2003},
volume    = {31},
number    = {3},
pages     = {705--767},
doi       = {10.1214/aos/1056562461},
publisher = {The Institute of Mathematical Statistics},
}
% journal   = {The Annals of Statistics},

@article{MCMC:Tibbits2011,
author    = {Tibbits, M.~M. and Haran, M. and Liechty, J.~C.},
title     = {Parallel multivariate slice sampling},
journal   = StatisticsandComputing,
year      = {2011},
volume    = {21},
number    = {3},
pages     = {415--430},
issn      = {0960-3174},
doi       = {10.1007/s11222-010-9178-z},
publisher = {Springer US},
}
% journal   = {Statistics and Computing},


%%%%%%%%%%%%%%%%%%%%%%
% BLOCKWISE SAMPLING %
%%%%%%%%%%%%%%%%%%%%%%

@article{MCMC:Ehrman1960,
author    = {Ehrman, J.~R. and Fosdick, L.~D. and Handscomb, D.~C.},
title     = {Computation of Order Parameters in an {I}sing Lattice by the {M}onte {C}arlo Method},
journal   = JournalofMathematicalPhysics,
year      = {1960},
volume    = {1},
number    = {6},
pages     = {547--558},
doi       = {10.1063/1.1703692},
}
% journal   = {Journal of Mathematical Physics},
% url       = {http://scitation.aip.org/content/aip/journal/jmp/1/6/10.1063/1.1703692},

@article{MCMC:Levine2005,
author    = {Levine, R.~A. and Yu, Z. and Hanley, W.~G. and Nitao, J.~J.},
title     = {Implementing componentwise {H}astings algorithms},
journal   = ComputationalStatisticsDataAnalysis,
year      = {2005},
volume    = {48},
number    = {2},
pages     = {363--389},
issn      = {0167-9473},
doi       = {10.1016/j.csda.2004.02.002},
}
% journal   = {Computational Statistics \& Data Analysis},
% url       = {http://www.sciencedirect.com/science/article/pii/S0167947304000283},

@article{MCMC:Neal2006,
author    = {Neal, P. and Roberts, G.},
title     = {Optimal scaling for partially updating {MCMC} algorithms},
journal   = TheAnnalsofAppliedProbability,
year      = {2006},
volume    = {16},
number    = {2},
pages     = {475--515},
doi       = {10.1214/105051605000000791},
publisher = {The Institute of Mathematical Statistics},
}
% journal   = {The Annals of Applied Probability},

@article{MCMC:Haario2005,
author    = {Haario, H. and Saksman, E. and Tamminen, J.},
title     = {Componentwise adaptation for high dimensional {MCMC}},
journal   = ComputationalStatistics,
year      = {2005},
volume    = {20},
number    = {2},
pages     = {265--273},
issn      = {0943-4062},
doi       = {10.1007/BF02789703},
publisher = {Springer-Verlag},
}
% journal   = {Computational Statistics},

@article{MCMC:Johnson2013,
author    = {Johnson, A.~A. and Jones, G.~L. and Neath, R.~C.},
title     = {Component-Wise {M}arkov Chain {M}onte {C}arlo: {U}niform and Geometric Ergodicity under Mixing and Composition},
journal   = StatisticalScience,
year      = {2013},
volume    = {28},
number    = {3},
pages     = {360--375},
doi       = {10.1214/13-STS423},
publisher = {The Institute of Mathematical Statistics},
}
% journal   = {Statistical Science},


%%%%%%%%%%%%%%%%%
% ADAPTIVE MCMC %
%%%%%%%%%%%%%%%%%

@article{MCMC:Haario2001,
author    = {Haario, H. and Saksman, E. and Tamminen, J.},
title     = {An adaptive {M}etropolis algorithm},
journal   = Bernoulli,
year      = {2001},
volume    = {7},
number    = {2},
pages     = {223--242},
doi       = {10.2307/3318737},
publisher = {Bernoulli Society for Mathematical Statistics and Probability},
}
% journal   = {Bernoulli},
% url       = {http://projecteuclid.org/euclid.bj/1080222083},

@article{MCMC:Andrieu2006,
author    = {Andrieu, C. and Moulines, \'{E}.},
title     = {On the ergodicity properties of some adaptive {MCMC} algorithms},
journal   = TheAnnalsofAppliedProbability,
year      = {2006},
volume    = {16},
number    = {3},
pages     = {1462--1505},
doi       = {10.1214/105051606000000286},
publisher = {The Institute of Mathematical Statistics},
}
% journal   = {The Annals of Applied Probability},

@article{MCMC:Andrieu2008,
author    = {Andrieu, C. and Thoms, J.},
title     = {A tutorial on adaptive {MCMC}},
journal   = StatisticsandComputing,
year      = {2008},
volume    = {18},
number    = {4},
pages     = {343--373},
issn      = {0960-3174},
doi       = {10.1007/s11222-008-9110-y},
publisher = {Springer US},
}
% journal   = {Statistics and Computing},


%%%%%%%%%%%%%%%%%%%
% STANDARD ERRORS %
%%%%%%%%%%%%%%%%%%%

@article{MCMC:Glynn1990,
author    = {Glynn, P.~W. and Iglehart, D.~L.},
title     = {Simulation Output Analysis Using Standardized Time Series},
journal   = MathematicsofOperationsResearch,
year      = {1990},
volume    = {15},
number    = {1},
pages     = {1--16},
doi       = {10.1287/moor.15.1.1},
}
% journal   = {Mathematics of Operations Research},

@article{MCMC:Chan1993,
author    = {Chan, K.~S.},
title     = {On the Central Limit Theorem for an ergodic {M}arkov chain},
journal   = StochasticProcessesandtheirApplications,
year      = {1993},
volume    = {47},
number    = {1},
pages     = {113--117},
issn      = {0304-4149},
doi       = {10.1016/0304-4149(93)90097-N},
}
% journal   = {Stochastic Processes and their Applications},
% url       = {http://www.sciencedirect.com/science/article/pii/030441499390097N},

@article{MCMC:Jones2004,
author    = {Jones, G.~L.},
title     = {On the {M}arkov chain central limit theorem},
journal   = ProbabilitySurveys,
year      = {2004},
volume    = {1},
pages     = {299--320},
doi       = {10.1214/154957804100000051},
publisher = {The Institute of Mathematical Statistics and the Bernoulli Society},
}
% journal   = {Probability Surveys},

@article{MCMC:Roberts2004,
author    = {Roberts, G.~O. and Rosenthal, J.~S.},
title     = {General state space {M}arkov chains and {MCMC} algorithms},
journal   = ProbabilitySurveys,
year      = {2004},
volume    = {1},
pages     = {20--71},
doi       = {10.1214/154957804100000024},
publisher = {The Institute of Mathematical Statistics and the Bernoulli Society},
}
% journal   = {Probability Surveys},
% url       = {http://eudml.org/doc/224487},

@article{MCMC:Kass1998,
author    = {Kass, R.~E. and Carlin, B.~P. and Gelman, A. and Neal, R.~M.},
title     = {{M}arkov Chain {M}onte {C}arlo in Practice: {A} Roundtable Discussion},
journal   = TheAmericanStatistician,
year      = {1998},
volume    = {52},
number    = {2},
pages     = {93--100},
doi       = {10.1080/00031305.1998.10480547},
}
% journal   = {The American Statistician},
% url       = {http://amstat.tandfonline.com/doi/abs/10.1080/00031305.1998.10480547},
% eprint    = {http://amstat.tandfonline.com/doi/pdf/10.1080/00031305.1998.10480547},

@article{MCMC:Flegal2008,
author    = {Flegal, J.~M. and Haran, M. and Jones, G.~L.},
title     = {{M}arkov Chain {M}onte {C}arlo: {C}an We Trust the Third Significant Figure?},
journal   = StatisticalScience,
year      = {2008},
volume    = {23},
number    = {2},
pages     = {250--260},
doi       = {10.1214/08-STS257},
publisher = {The Institute of Mathematical Statistics},
}
% journal   = {Statistical Science},

@article{MCMC:Flegal2010,
author    = {Flegal, J.~M. and Jones, G.~L.},
title     = {Batch means and spectral variance estimators in {M}arkov chain {M}onte {C}arlo},
journal   = TheAnnalsofStatistics,
year      = {2010},
volume    = {38},
number    = {2},
pages     = {1034--1070},
doi       = {10.1214/09-AOS735},
publisher = {The Institute of Mathematical Statistics},
}
% journal   = {The Annals of Statistics},

@article{MCMC:Koehler2009,
author    = {Koehler, E. and Brown, E. and Haneuse, S.~J.-P.~A.},
title     = {On the Assessment of {M}onte {C}arlo Error in Simulation-Based Statistical Analyses},
journal   = TheAmericanStatistician,
year      = {2009},
volume    = {63},
number    = {2},
pages     = {155--162},
doi       = {10.1198/tast.2009.0030},
}
% journal   = {The American Statistician},

@article{MCMC:Moran1975,
author    = {Moran, P.~A.~P.},
title     = {The estimation of standard errors in {M}onte {C}arlo simulation experiments},
journal   = Biometrika,
year      = {1975},
volume    = {62},
number    = {1},
pages     = {1--4},
doi       = {10.1093/biomet/62.1.1},
}
% journal   = {Biometrika},
% url       = {http://biomet.oxfordjournals.org/content/62/1/1.abstract},
% eprint    = {http://biomet.oxfordjournals.org/content/62/1/1.full.pdf+html},


%%%%%%%%%%%%%%%%%%%%%
% CONVERGENCE RATES %
%%%%%%%%%%%%%%%%%%%%%

@article{MCMC:Diaconis2013,
author    = {Diaconis, P.},
title     = {Some things we've learned (about {M}arkov chain {M}onte {C}arlo)},
journal   = Bernoulli,
year      = {2013},
volume    = {19},
number    = {4},
pages     = {1294--1305},
doi       = {10.3150/12-BEJSP09},
publisher = {Bernoulli Society for Mathematical Statistics and Probability},
}
% journal   = {Bernoulli},


%%%%%%%%%%%%%%%%%%
% OPTIMAL TUNING %
%%%%%%%%%%%%%%%%%%

@article{MCMC:Roberts1997:b,
author    = {Roberts, G.~O. and Gelman, A. and Gilks, W.~R.},
title     = {Weak convergence and optimal scaling of random walk {M}etropolis algorithms},
journal   = TheAnnalsofAppliedProbability,
year      = {1997},
volume    = {7},
number    = {1},
pages     = {110--120},
doi       = {10.1214/aoap/1034625254},
publisher = {The Institute of Mathematical Statistics},
}
% journal   = {The Annals of Applied Probability},

@article{MCMC:Breyer2000,
author    = {Breyer, L.~A. and Roberts, G.~O.},
title     = {From metropolis to diffusions: {G}ibbs states and optimal scaling},
journal   = StochasticProcessesandtheirApplications,
year      = {2000},
volume    = {90},
number    = {2},
pages     = {181--206},
issn      = {0304-4149},
doi       = {10.1016/S0304-4149(00)00041-7},
}
% journal   = {Stochastic Processes and their Applications},
% url       = {http://www.sciencedirect.com/science/article/pii/S0304414900000417},

@article{MCMC:Roberts2001,
author    = {Roberts, G.~O. and Rosenthal, J.~S.},
title     = {Optimal scaling for various {M}etropolis-{H}astings algorithms},
journal   = StatisticalScience,
year      = {2001},
volume    = {16},
number    = {4},
pages     = {351--367},
doi       = {10.1214/ss/1015346320},
publisher = {The Institute of Mathematical Statistics},
}
% journal   = {Statistical Science},

@incollection{MCMC:Beskos2009,
author    = {Beskos, A. and Stuart, A.},
title     = {Computational Complexity of {M}etropolis-{H}astings Methods in High Dimensions},
booktitle = {Monte Carlo and Quasi-Monte Carlo Methods 2008},
editor    = {L' Ecuyer, P. and Owen, A.~B.},
year      = {2009},
pages     = {61--71},
doi       = {10.1007/978-3-642-04107-5_4},
publisher = {Springer Berlin Heidelberg},
}

@article{MCMC:Sherlock2013,
author    = {Sherlock, C.},
title     = {Optimal scaling of the random walk {M}etropolis: general criteria for the 0.234 acceptance rule},
journal   = JournalofAppliedProbability,
year      = {2013},
volume    = {50},
number    = {1},
pages     = {1--15},
doi       = {10.1239/jap/1363784420},
publisher = {Applied Probability Trust},
}
% journal   = {Journal of Applied Probability},


%%%%%%%%%%%%%%%%%%%%%%
% CONVERGENCE CHECKS %
%%%%%%%%%%%%%%%%%%%%%%

@article{MCMC:Gelman1992,
author    = {Gelman, A. and Rubin, D.~B.},
title     = {Inference from Iterative Simulation Using Multiple Sequences},
journal   = StatisticalScience,
year      = {1992},
number    = {4},
volume    = {7},
pages     = {457--472},
doi       = {10.1214/ss/1177011136},
publisher = {The Institute of Mathematical Statistics},
}
% journal   = {Statistical Science},

@article{MCMC:Cowles1996,
author    = {Cowles, M.~K. and Carlin, B.~P.},
title     = {{M}arkov Chain {M}onte {C}arlo Convergence Diagnostics: {A} Comparative Review},
journal   = JournaloftheAmericanStatisticalAssociation,
year      = {1996},
volume    = {91},
number    = {434},
pages     = {883--904},
issn      = {01621459},
doi       = {10.1080/01621459.1996.10476956},
publisher = {American Statistical Association},
}
% journal   = {Journal of the American Statistical Association},
% doi       = {10.2307/2291683},
% url       = {http://www.jstor.org/stable/2291683},

@article{MCMC:Brooks1998:Roberts,
author    = {Brooks, S.~P. and Roberts, G.~O.},
title     = {Convergence assessment techniques for {M}arkov chain {M}onte {C}arlo},
journal   = StatisticsandComputing,
year      = {1998},
volume    = {8},
number    = {4},
pages     = {319--335},
issn      = {0960-3174},
doi       = {10.1023/A:1008820505350},
publisher = {Kluwer Academic Publishers},
}
% journal   = {Statistics and Computing},

@article{MCMC:Brooks1998:Gelman,
author    = {Brooks, S.~P. and Gelman, A.},
title     = {General Methods for Monitoring Convergence of Iterative Simulations},
journal   = JournalofComputationalandGraphicalStatistics,
year      = {1998},
volume    = {7},
number    = {4},
pages     = {434--455},
doi       = {10.1080/10618600.1998.10474787},
}
% journal   = {Journal of Computational and Graphical Statistics},
% url       = {http://www.tandfonline.com/doi/abs/10.1080/10618600.1998.10474787},
% eprint    = {http://www.tandfonline.com/doi/pdf/10.1080/10618600.1998.10474787},

@article{MCMC:Brooks2003,
author    = {Brooks, S.~P. and Giudici, P. and Philippe, A.},
title     = {Nonparametric Convergence Assessment for {MCMC} Model Selection},
journal   = JournalofComputationalandGraphicalStatistics,
year      = {2003},
volume    = {12},
number    = {1},
pages     = {1--22},
doi       = {10.1198/1061860031347},
}
% journal   = {Journal of Computational and Graphical Statistics},
% url       = {http://www.tandfonline.com/doi/abs/10.1198/1061860031347},
% eprint    = {http://www.tandfonline.com/doi/pdf/10.1198/1061860031347},


%%%%%%%%%%%%%%%%%%%%%%%%%%%
% CURSE OF DIMENSIONALITY %
%%%%%%%%%%%%%%%%%%%%%%%%%%%

@article{MCMC:Curtis2001,
author    = {Curtis, A. and Lomax, A.},
title     = {Prior information, sampling distributions, and the curse of dimensionality},
journal   = Geophysics,
year      = {2001},
volume    = {66},
number    = {2},
pages     = {372--378},
doi       = {10.1190/1.1444928},
}
% journal   = {Geophysics},
% url       = {http://geophysics.geoscienceworld.org/content/66/2/372.abstract},
% eprint    = {http://geophysics.geoscienceworld.org/content/66/2/372.full.pdf+html},


%%%%%%%%%%%%%%%%%%%
% PARALLELIZATION %
%%%%%%%%%%%%%%%%%%%

@article{MCMC:Strid2010,
author    = {Strid, I.},
title     = {Efficient parallelisation of {M}etropolis--{H}astings algorithms using a prefetching approach},
journal   = ComputationalStatisticsDataAnalysis,
year      = {2010},
volume    = {54},
number    = {11},
pages     = {2814--2835},
issn      = {0167-9473},
doi       = {10.1016/j.csda.2009.11.019},
}
% note      = {The Fifth Special Issue on Computational Econometrics},
% journal   = {Computational Statistics & Data Analysis},
% url       = {http://www.sciencedirect.com/science/article/pii/S0167947309004320},

@article{MCMC:Jacob2011,
author    = {Jacob, P. and Robert, C.~P. and Smith, M.~H.},
title     = {Using Parallel Computation to Improve Independent {M}etropolis--{H}astings Based Estimation},
journal   = JournalofComputationalandGraphicalStatistics,
year      = {2011},
volume    = {20},
number    = {3},
pages     = {616--635},
doi       = {10.1198/jcgs.2011.10167},
}
% journal   = {Journal of Computational and Graphical Statistics},

@article{MCMC:Calderhead2014,
author    = {Calderhead, B.},
title     = {A general construction for parallelizing {M}etropolis--{H}astings algorithms},
journal   = ProceedingsoftheNationalAcademyofSciences,
year      = {2014},
volume    = {111},
number    = {49},
pages     = {17408--17413},
doi       = {10.1073/pnas.1408184111},
}
% journal   = {Proceedings of the National Academy of Sciences},
% url       = {http://www.pnas.org/content/111/49/17408.abstract},
% eprint    = {http://www.pnas.org/content/111/49/17408.full.pdf+html},


%%%%%%%%%%%%%%%%%
% FOR FUNCTIONS %
%%%%%%%%%%%%%%%%%

@article{MCMC:Cotter2013,
author    = {Cotter, S.~L. and Roberts, G.~O. and Stuart, A.~M. and White, D.},
title     = {{MCMC} Methods for Functions: {M}odifying Old Algorithms to Make Them Faster},
journal   = StatisticalScience,
year      = {2013},
volume    = {28},
number    = {3},
pages     = {424--446},
doi       = {10.1214/13-STS421},
publisher = {The Institute of Mathematical Statistics},
}
% journal   = {Statistical Science},

@article{MCMC:Law2014,
author    = {Law, K.~J.~H.},
title     = {Proposals which speed up function-space {MCMC}},
journal   = JournalofComputationalandAppliedMathematics,
year      = {2014},
volume    = {262},
pages     = {127--138},
issn      = {0377-0427},
doi       = {10.1016/j.cam.2013.07.026},
}
% journal   = {Journal of Computational and Applied Mathematics},
% note      = {Selected Papers from NUMDIFF-13},
% url       = {http://www.sciencedirect.com/science/article/pii/S0377042713003701},


%%%%%%%%%%%%%%%%%%%%%%%
% LANGEVIN DIFFUSIONS %
%%%%%%%%%%%%%%%%%%%%%%%

@article{MCMC:Roberts1998,
author    = {Roberts, G.~O. and Rosenthal, J.~S.},
title     = {Optimal scaling of discrete approximations to {L}angevin diffusions},
journal   = JournaloftheRoyalStatisticalSocietySeriesBStatisticalMethodology,
year      = {1998},
volume    = {60},
number    = {1},
pages     = {255--268},
issn      = {1467-9868},
doi       = {10.1111/1467-9868.00123},
publisher = {Blackwell Publishers Ltd.},
}
% journal   = {Journal of the Royal Statistical Society: Series B (Statistical Methodology)},

@article{MCMC:Roberts2002,
author    = {Roberts, G.~O. and Stramer, O.},
title     = {{L}angevin Diffusions and {M}etropolis-{H}astings Algorithms},
journal   = MethodologyAndComputingInAppliedProbability,
year      = {2002},
volume    = {4},
number    = {4},
pages     = {337--357},
issn      = {1573-7713},
doi       = {10.1023/A:1023562417138},
}
% journal   = {Methodology And Computing In Applied Probability},

@article{MCMC:Marshall2012,
author    = {Marshall, T. and Roberts, G.},
title     = {An adaptive approach to {L}angevin {MCMC}},
journal   = StatisticsandComputing,
year      = {2012},
volume    = {22},
number    = {5},
pages     = {1041--1057},
issn      = {1573-1375},
doi       = {10.1007/s11222-011-9276-6},
}
% journal   = {Statistics and Computing},

@article{MCMC:Xifara2014,
author    = {Xifara, T. and Sherlock, C. and Livingstone, S. and Byrne, S. and Girolami, M.},
title     = {{L}angevin diffusions and the {M}etropolis-adjusted {L}angevin algorithm},
journal   = StatisticsProbabilityLetters,
year      = {2014},
volume    = {91},
pages     = {14--19},
issn      = {0167-7152},
doi       = {10.1016/j.spl.2014.04.002},
}
% journal   = {Statistics & Probability Letters},


%%%%%%%%%%%%%%%%%%%%%%%%%%%
% HAMILTONIAN MONTE CARLO %
%%%%%%%%%%%%%%%%%%%%%%%%%%%

% INTRODUCTIONS

@incollection{MCMC:Neal2011,
author    = {Neal, R.~M.},
title     = {{MCMC} Using {H}amiltonian Dynamics},
booktitle = {Handbook of {M}arkov Chain {M}onte {C}arlo},
editor    = {Brooks, S. and Gelman, A. and Jones, G.~L. and Meng, X.-L.},
year      = {2011},
chapter   = {5},
pages     = {113--162},
publisher = {Chapman \& Hall/CRC},
address   = {Boca Raton, Florida, USA},
series    = {Handbooks of Modern Statistical Methods},
doi       = {10.1201/b10905-6},
}

@incollection{MCMC:SanzSerna2014,
author    = {Sanz-Serna, J.~M.},
title     = {{M}arkov Chain {M}onte {C}arlo and Numerical Differential Equations},
booktitle = {Current Challenges in Stability Issues for Numerical Differential Equations},
year      = {2014},
series    = {Lecture Notes in Mathematics},
number    = {2082},
pages     = {39--88},
publisher = {Springer International Publishing},
address   = {Cham, Switzerland},
doi       = {10.1007/978-3-319-01300-8_2},
}

@misc{MCMC:Betancourt2017:Misc,
author    = {Betancourt, M.},
title     = {A Conceptual Introduction to {H}amiltonian {M}onte {C}arlo},
year      = {2017},
note      = {arXiv:1701.02434},
}

@misc{MCMC:Betancourt2017:arXiv,
author      = {Betancourt, M.},
title       = {A Conceptual Introduction to {H}amiltonian {M}onte {C}arlo},
year        = {2017},
eprinttype  = {arxiv},
eprintclass = {stat.ME},
eprint      = {1701.02434},
}

% HISTORICAL

@article{MCMC:Scalettar1986,
author    = {Scalettar, R.~T. and Scalapino, D.~J. and Sugar, R.~L.},
title     = {New algorithm for the numerical simulation of fermions},
journal   = PhysicalReviewB,
year      = {1986},
volume    = {34},
number    = {11},
pages     = {7911--7917},
doi       = {10.1103/PhysRevB.34.7911},
publisher = {American Physical Society},
}
% journal   = {Physical Review B},
% url       = {http://link.aps.org/doi/10.1103/PhysRevB.34.7911},

@article{MCMC:Duane1987,
author    = {Duane, S. and Kennedy, A.~D. and Pendleton, B.~J. and Roweth, D.},
title     = {Hybrid {M}onte {C}arlo},
journal   = PhysicsLettersB,
year      = {1987},
volume    = {195},
number    = {2},
pages     = {216--222},
issn      = {0370-2693},
doi       = {10.1016/0370-2693(87)91197-X},
}
% journal   = {Physics Letters B},
% url       = {http://www.sciencedirect.com/science/article/pii/037026938791197X},

@article{MCMC:Mackenzie1989,
author    = {Mackenzie, P.~B.},
title     = {An improved hybrid {M}onte {C}arlo method},
journal   = PhysicsLettersB,
year      = {1989},
volume    = {226},
number    = {3--4},
pages     = {369--371},
issn      = {0370-2693},
doi       = {10.1016/0370-2693(89)91212-4},
}
% journal   = {Physics Letters B},
% url       = {http://www.sciencedirect.com/science/article/pii/0370269389912124},

@incollection{MCMC:Neal1993:a,
author    = {Neal, R.~M.},
title     = {{B}ayesian Learning via Stochastic Dynamics},
booktitle = {Advances in Neural Information Processing Systems 5 (NIPS 1992)},
editor    = {Hanson, S.~J. and Cowan, J.~D. and Giles, C.~L.},
year      = {1993},
pages     = {475--482},
publisher = {Morgan-Kaufmann},
}
% url       = {http://papers.nips.cc/paper/613-bayesian-learning-via-stochastic-dynamics.pdf},

@techreport{MCMC:Neal1993:b,
author      = {Neal, R.~M.},
title       = {Probabilistic inference using {M}arkov chain {M}onte {C}arlo methods},
institution = {Department of Computer Science},
address     = {University of Toronto},
year        = {1993},
number      = {CRG-TR-93-1},
}

@phdthesis{MCMC:Neal1995,
author    = {Neal, R.~M.},
title     = {{B}ayesian Learning for Neural Networks},
school    = {Graduate Department of Computer Science},
address   = {University of Toronto},
year      = {1995},
type      = {{PhD} thesis},
}

@book{MCMC:Neal1996:a,
author    = {Neal, R.~M.},
title     = {Bayesian Learning for Neural Networks},
publisher = {Springer},
address   = {New York},
year      = {1996},
series    = {Lecture Notes in Statistics},
number    = {118},
doi       = {10.1007/978-1-4612-0745-0},
}

% APPLICATIONS

@article{MCMC:Takaishi2009,
author    = {Takaishi, T.},
title     = {{B}ayesian Inference of Stochastic Volatility Model by Hybrid {M}onte {C}arlo},
journal   = JournalofCircuitsSystemsandComputers,
year      = {2009},
volume    = {18},
number    = {8},
pages     = {1381--1396},
doi       = {10.1142/S0218126609005733},
}
% journal   = {Journal of Circuits, Systems and Computers},
% url       = {http://www.worldscientific.com/doi/abs/10.1142/S0218126609005733},
% eprint    = {http://www.worldscientific.com/doi/pdf/10.1142/S0218126609005733},

@article{MCMC:Cheung2009,
author    = {Cheung, S.~H. and Beck, J.~L.},
title     = {{B}ayesian Model Updating Using Hybrid {M}onte {C}arlo Simulation with Application to Structural Dynamic Models with Many Uncertain Parameters},
journal   = JournalofEngineeringMechanics,
year      = {2009},
volume    = {135},
number    = {4},
pages     = {243--255},
doi       = {10.1061/(ASCE)0733-9399(2009)135:4(243)},
}
% journal   = {ASCE Journal of Engineering Mechanics-ASCE},

@incollection{MCMC:Boulkaibet2012,
author    = {Boulkaibet, I. and Marwala, T. and Mthembu, L. and Friswell, M.~I. and Adhikari, S.},
title     = {Sampling Techniques in {B}ayesian Finite Element Model Updating},
booktitle = {Topics in Model Validation and Uncertainty Quantification},
volume    = {4},
series    = {Conference Proceedings of the Society for Experimental Mechanics Series},
editor    = {Simmermacher, T. and Cogan, S. and Horta, L.~G. and Barthorpe, R.},
year      = {2012},
publisher = {Springer},
address   = {New York},
pages     = {75--83},
doi       = {10.1007/978-1-4614-2431-4_8},
}

@incollection{MCMC:Boulkaibet2013,
author    = {Boulkaibet, I. and Mthembu, L. and Marwala, T. and Friswell, M.~I. and Adhikari, S.},
title     = {Finite Element Model Updating Using the Shadow Hybrid {M}onte {C}arlo Technique},
booktitle = {Special Topics in Structural Dynamics},
volume    = {6},
series    = {Conference Proceedings of the Society for Experimental Mechanics Series},
editor    = {Allemang, R. and De Clerck, J. and Niezrecki, C. and Wicks, A.},
year      = {2013},
pages     = {489--498},
publisher = {Springer},
address   = {New York},
doi       = {10.1007/978-1-4614-6546-1_53},
}

@article{MCMC:Boulkaibet2015,
author    = {Boulkaibet, I. and Mthembu, L. and Marwala, T. and Friswell, M.~I. and Adhikari, S.},
title     = {Finite element model updating using the shadow hybrid {M}onte {C}arlo technique},
journal   = MechanicalSystemsandSignalProcessing,
year      = {2015},
volume    = {52--53},
pages     = {115--132},
issn      = {0888-3270},
doi       = {10.1016/j.ymssp.2014.06.005},
}
% journal   = {Mechanical Systems and Signal Processing},
% url       = {http://www.sciencedirect.com/science/article/pii/S0888327014002301},

@article{MCMC:Burda2013,
author    = {Burda, M and Maheu, J.~M.},
title     = {{B}ayesian adaptively updated {H}amiltonian {M}onte {C}arlo with an application to high-dimensional {BEKK} {GARCH} models},
journal   = StudiesinNonlinearDynamicsandEconometrics,
year      = {2013},
volume    = {17},
number    = {4},
pages     = {345--482},
doi       = {10.1515/snde-2013-0020},
}
% journal   = {Studies in Nonlinear Dynamics and Econometrics},
% url       = {http://www.degruyter.com/view/j/snde.2013.17.issue-4/snde-2013-0020/snde-2013-0020.xml},

@article{MCMC:Beskos2013:b,
author    = {Beskos, A. and Kalogeropoulos, K. and Pazos, E.},
title     = {Advanced {MCMC} methods for sampling on diffusion pathspace},
journal   = StochasticProcessesandtheirApplications,
year      = {2013},
volume    = {123},
number    = {4},
pages     = {1415--1453},
issn      = {0304-4149},
doi       = {10.1016/j.spa.2012.12.001},
}
% journal   = {Stochastic Processes and their Applications},
% url       = {http://www.sciencedirect.com/science/article/pii/S0304414912002621},

@article{MCMC:Porter2014,
author    = {Porter, E.~K. and Carr\'{e}, J.},
title     = {A {H}amiltonian {M}onte-{C}arlo method for {B}ayesian inference of supermassive black hole binaries},
journal   = ClassicalandQuantumGravity,
year      = {2014},
volume    = {31},
number    = {14},
pages     = {1--22},
eid       = {145004},
doi       = {10.1088/0264-9381/31/14/145004},
}
% journal   = {Classical and Quantum Gravity},
% url       = {http://stacks.iop.org/0264-9381/31/i=14/a=145004},

@article{MCMC:Kramer2014,
author    = {Kramer, A. and Calderhead, B. and Radde, N.},
title     = {{H}amiltonian {M}onte {C}arlo methods for efficient parameter estimation in steady state dynamical systems},
journal   = BMCBioinformatics,
year      = {2014},
volume    = {15},
number    = {1},
pages     = {1--11},
eid       = {253},
issn      = {1471-2105},
doi       = {10.1186/1471-2105-15-253},
}
% journal   = {BMC Bioinformatics},
% url       = {http://www.biomedcentral.com/1471-2105/15/253},

@article{MCMC:Elsheikh2014:a,
author    = {Elsheikh, A.~H. and Wheeler, M.~F. and Hoteit, I.},
title     = {Hybrid nested sampling algorithm for {B}ayesian model selection applied to inverse subsurface flow problems},
journal   = JournalofComputationalPhysics,
year      = {2014},
volume    = {258},
pages     = {319--337},
issn      = {0021-9991},
doi       = {10.1016/j.jcp.2013.10.001},
}
% journal   = {Journal of Computational Physics},
% url       = {http://www.sciencedirect.com/science/article/pii/S0021999113006669},

@article{MCMC:Elsheikh2014:b,
author    = {Elsheikh, A.~H. and Hoteit, I. and Wheeler, M.~F.},
title     = {Efficient {B}ayesian inference of subsurface flow models using nested sampling and sparse polynomial chaos surrogates},
journal   = ComputerMethodsinAppliedMechanicsandEngineering,
year      = {2014},
volume    = {269},
pages     = {515--537},
issn      = {0045-7825},
doi       = {10.1016/j.cma.2013.11.001},
}
% journal   = {Computer Methods in Applied Mechanics and Engineering},
% url       = {http://www.sciencedirect.com/science/article/pii/S004578251300296X},

% EXTENSIONS

@article{MCMC:Izaguirre2004,
author    = {Izaguirre, J.~A. and Hampton, S.~S.},
title     = {Shadow hybrid {M}onte {C}arlo: an efficient propagator in phase space of macromolecules},
journal   = JournalofComputationalPhysics,
year      = {2004},
volume    = {200},
number    = {2},
pages     = {581--604},
issn      = {0021-9991},
doi       = {10.1016/j.jcp.2004.04.016},
}
% journal   = {Journal of Computational Physics},
% url       = {http://www.sciencedirect.com/science/article/pii/S0021999104001809},

@article{MCMC:Sweet2009,
author    = {Sweet, C.~R. and Hampton, S.~S. and Skeel, R.~D. and Izaguirre, J.~A.},
title     = {A separable shadow {H}amiltonian hybrid {M}onte {C}arlo method},
journal   = TheJournalofChemicalPhysics,
year      = {2009},
volume    = {131},
number    = {17},
pages     = {1--7},
eid       = {174106},
doi       = {10.1063/1.3253687}, 
}
% journal   = {The Journal of Chemical Physics},
% url       = {http://scitation.aip.org/content/aip/journal/jcp/131/17/10.1063/1.3253687},

@article{MCMC:Akhmatskaya2008,
author    = {Akhmatskaya, E. and Reich, S.},
title     = {{GSHMC}: {A}n efficient method for molecular simulation},
journal   = JournalofComputationalPhysics,
year      = {2008},
volume    = {227},
number    = {10},
pages     = {4934--4954},
issn      = {0021-9991},
doi       = {10.1016/j.jcp.2008.01.023},
}
% journal   = {Journal of Computational Physics},
% url       = {http://www.sciencedirect.com/science/article/pii/S0021999108000533},

@article{MCMC:Akhmatskaya2009:a,
author    = {Akhmatskaya, E. and Bou-Rabee, N. and Reich, S.},
title     = {A comparison of generalized hybrid {M}onte {C}arlo methods with and without momentum flip},
journal   = JournalofComputationalPhysics,
year      = {2009},
volume    = {228},
number    = {6},
pages     = {2256--2265},
issn      = {0021-9991},
doi       = {10.1016/j.jcp.2008.12.014},
}
% journal   = {Journal of Computational Physics},
% url       = {http://www.sciencedirect.com/science/article/pii/S0021999108006323},

@article{MCMC:Akhmatskaya2009:b,
author    = {Akhmatskaya, E. and Bou-Rabee, N. and Reich, S.},
title     = {Erratum to “A comparison of generalized hybrid {M}onte {C}arlo methods with and without momentum flip” [J. Comput. Phys. 228 (2009) 2256--2265]},
journal   = JournalofComputationalPhysics,
year      = {2009},
volume    = {228},
number    = {19},
pages     = {7492--7496},
issn      = {0021-9991},
doi       = {10.1016/j.jcp.2009.06.039},
}
% journal   = {Journal of Computational Physics},
% url       = {http://www.sciencedirect.com/science/article/pii/S0021999109003477},

@article{MCMC:Shahbaba2014,
author    = {Shahbaba, B. and Lan, S. and Johnson, W.~O. and Neal, R.~M.},
title     = {Split {H}amiltonian {M}onte {C}arlo},
journal   = StatisticsandComputing,
year      = {2014},
volume    = {24},
number    = {3},
pages     = {339--349},
issn      = {0960-3174},
doi       = {10.1007/s11222-012-9373-1},
publisher = {Springer US},
}
% journal   = {Statistics and Computing},

@article{MCMC:Fang2014,
author    = {Fang, Y. and Sanz-Serna, J.~M. and Skeel, R.~D.},
title     = {Compressible generalized hybrid {M}onte {C}arlo},
journal   = TheJournalofChemicalPhysics,
year      = {2014},
volume    = {140},
number    = {17},
pages     = {1--10},
eid       = {174108},
doi       = {10.1063/1.4874000},
}
% journal   = {The Journal of Chemical Physics},
% url       = {http://scitation.aip.org/content/aip/journal/jcp/140/17/10.1063/1.4874000},

@article{MCMC:Papamarkou2014,
author    = {Papamarkou, T. and Mira, A. and Girolami, M.},
title     = {Zero Variance Differential Geometric {M}arkov Chain {M}onte {C}arlo Algorithms},
journal   = BayesianAnalysis,
year      = {2014},
volume    = {9},
number    = {1},
pages     = {97--128},
doi       = {10.1214/13-BA848},
publisher = {International Society for Bayesian Analysis},
}
% journal   = {Bayesian Analysis},

@article{MCMC:Hoffman2014,
author    = {Hoffman, M.~D. and Gelman, A.},
title     = {The No-{U}-Turn Sampler: {A}daptively Setting Path Lengths in {H}amiltonian {M}onte {C}arlo},
journal   = JournalofMachineLearningResearch,
year      = {2014},
volume    = {15},
pages     = {1593--1623},
}
% journal   = {Journal of Machine Learning Research},
% url       = {http://jmlr.org/papers/v15/hoffman14a.html},

@article{MCMC:SohlDickstein2014,
author    = {Sohl-Dickstein, J. and Mudigonda, M. and DeWeese, M.},
title     = {{H}amiltonian {M}onte {C}arlo Without Detailed Balance},
journal   = {JMLR Workshop and Conference Proceedings: 31st International Conference on Machine Learning (ICML 2014)},
year      = {2014},
volume    = {32},
number    = {1},
pages     = {719--726},
}
% url       = {http://jmlr.org/proceedings/papers/v32/sohl-dickstein14.html},

@article{MCMC:Campos2015,
author    = {Campos, C.~M. and Sanz-Serna, J.~M.},
title     = {Extra Chance Generalized Hybrid {M}onte {C}arlo},
journal   = JournalofComputationalPhysics,
year      = {2015},
volume    = {281},
pages     = {365--374},
issn      = {0021-9991},
doi       = {10.1016/j.jcp.2014.09.037},
}
% journal   = {Journal of Computational Physics},
% url       = {http://www.sciencedirect.com/science/article/pii/S0021999114006731},

@article{MCMC:Escribano2015,
author    = {Escribano, B. and Akhmatskaya, E. and Reich, S. and Azpiroz, J.~M.},
title     = {Multiple-time-stepping generalized hybrid {M}onte {C}arlo methods},
journal   = JournalofComputationalPhysics,
year      = {2015},
volume    = {280},
pages     = {1--20},
issn      = {0021-9991},
doi       = {10.1016/j.jcp.2014.08.052},
}
% journal   = {Journal of Computational Physics},
% url       = {http://www.sciencedirect.com/science/article/pii/S0021999114006433},

@article{MCMC:Byrne2013,
author    = {Byrne, S and Girolami, M.},
title     = {Geodesic {M}onte {C}arlo on Embedded Manifolds},
journal   = ScandinavianJournalofStatistics,
year      = {2013},
volume    = {40},
number    = {4},
pages     = {825--845},
issn      = {1467-9469},
doi       = {10.1111/sjos.12036},
}
% journal   = {Scandinavian Journal of Statistics},

@article{MCMC:Lan2015,
author    = {Lan, S. and Stathopoulos, V. and Shahbaba, B. and Girolami, M.},
title     = {{M}arkov Chain {M}onte {C}arlo from {L}agrangian Dynamics},
journal   = JournalofComputationalandGraphicalStatistics,
year      = {2015},
volume    = {24},
number    = {2},
pages     = {357--378},
doi       = {10.1080/10618600.2014.902764},
}
% journal   = {Journal of Computational and Graphical Statistics},

% THEORY

@article{MCMC:Beskos2011,
author    = {Beskos, A. and Pinski, F.~J. and Sanz-Serna, J.~M. and Stuart, A.~M.},
title     = {Hybrid {M}onte {C}arlo on {H}ilbert spaces},
journal   = StochasticProcessesandtheirApplications,
year      = {2011},
volume    = {121},
number    = {10},
pages     = {2201--2230},
issn      = {0304-4149},
doi       = {10.1016/j.spa.2011.06.003},
}
% journal   = {Stochastic Processes and their Applications},
% url       = {http://www.sciencedirect.com/science/article/pii/S0304414911001396},

@article{MCMC:Beskos2013:a,
author    = {Beskos, A. and Pillai, N. and Roberts, G. and Sanz-Serna, J.-M. and Stuart, A.},
title     = {Optimal tuning of the hybrid {M}onte {C}arlo algorithm},
journal   = Bernoulli,
year      = {2013},
volume    = {19},
number    = {5A},
pages     = {1501--1534},
doi       = {10.3150/12-BEJ414},
publisher = {Bernoulli Society for Mathematical Statistics and Probability},
}
% journal   = {Bernoulli},

@misc{MCMC:Betancourt2014:Misc,
author    = {Betancourt, M. and Byrne, S. and Girolami, M.},
title     = {Optimizing The Integrator Step Size for {H}amiltonian {M}onte {C}arlo},
year      = {2014},
note      = {arXiv:1411.6669},
}

@misc{MCMC:Betancourt2014:arXiv,
author      = {Betancourt, M. and Byrne, S. and Girolami, M.},
title       = {Optimizing The Integrator Step Size for {H}amiltonian {M}onte {C}arlo},
year        = {2014},
eprinttype  = {arxiv},
eprintclass = {stat.ME},
eprint      = {1411.6669},
}

% CONSTRAINED PARAMETERS

@article{MCMC:Hartmann2008,
author    = {Hartmann, C.},
title     = {An Ergodic Sampling Scheme for Constrained {H}amiltonian Systems with Applications to Molecular Dynamics},
journal   = JournalofStatisticalPhysics,
year      = {2008},
volume    = {130},
number    = {4},
pages     = {687--711},
issn      = {0022-4715},
doi       = {10.1007/s10955-007-9470-2},
publisher = {Springer US},
}
% journal   = {Journal of Statistical Physics},

@article{MCMC:Brubaker2012,
author    = {Brubaker, M.~A. and Salzmann, M. and Urtasun, R.},
title     = {A Family of {MCMC} Methods on Implicitly Defined Manifolds},
journal   = {JMLR Workshop and Conference Proceedings: Proceedings of the Fifteenth International Conference on Artificial Intelligence and Statistics (AISTATS 2012)},
volume    = {22},
year      = {2012},
pages     = {161--172},
}
% year      = {April 21-23, 2012 La Palma, Canary Islands},
% url       = {http://jmlr.org/proceedings/papers/v22/brubaker12.html},

@article{MCMC:Lan2014,
author    = {Lan, S. and Zhou, B. and Shahbaba, B.},
title     = {Spherical {H}amiltonian {M}onte {C}arlo for Constrained Target Distributions},
journal   = {JMLR Workshop and Conference Proceedings: 31st International Conference on Machine Learning (ICML 2014)},
year      = {2014},
volume    = {32},
number    = {1},
pages     = {629--637},
}
% url       = {http://jmlr.org/proceedings/papers/v32/lan14.html},

@article{MCMC:Pakman2014,
author    = {Pakman, A. and Paninski, L.},
title     = {Exact {H}amiltonian {M}onte {C}arlo for Truncated Multivariate {G}aussians},
journal   = JournalofComputationalandGraphicalStatistics,
year      = {2014},
volume    = {23},
number    = {2},
pages     = {518--542},
doi       = {10.1080/10618600.2013.788448},
}
% journal   = {Journal of Computational and Graphical Statistics},

% DIMENSIONAL SCALING

@article{MCMC:Creutz1988,
title     = {Global {M}onte {C}arlo algorithms for many-fermion systems},
author    = {Creutz, M.},
journal   = PhysicalReviewD,
year      = {1988},
volume    = {38},
number    = {4},
pages     = {1228--1238},
doi       = {10.1103/PhysRevD.38.1228},
publisher = {American Physical Society},
}
% journal   = {Physical Review D},
% url       = {http://link.aps.org/doi/10.1103/PhysRevD.38.1228},

% RIEMANNIAN MANIFOLD

@article{MCMC:Girolami2011,
author    = {Girolami, M. and Calderhead, B.},
title     = {{R}iemann manifold {L}angevin and {H}amiltonian {M}onte {C}arlo methods},
journal   = JournaloftheRoyalStatisticalSocietySeriesBStatisticalMethodology,
year      = {2011},
volume    = {73},
number    = {2},
pages     = {123--214},
issn      = {1467-9868},
doi       = {10.1111/j.1467-9868.2010.00765.x},
publisher = {Blackwell Publishing Ltd.},
}
% journal   = {Journal of the Royal Statistical Society: Series B (Statistical Methodology)},

@incollection{MCMC:Betancourt2013,
author    = {Betancourt, M.},
title     = {A General Metric for {R}iemannian Manifold {H}amiltonian {M}onte {C}arlo},
booktitle = {Geometric Science of Information},
series    = {Lecture Notes in Computer Science},
year      = {2013},
number    = {8085},
editor    = {Nielsen, F. and Barbaresco, F.},
pages     = {327--334},
publisher = {Springer-Verlag Berlin Heidelberg},
doi       = {10.1007/978-3-642-40020-9_35},
}

@article{MCMC:BuiThanh2014,
author    = {Bui-Thanh, T. and Girolami, M.},
title     = {Solving large-scale {PDE}-constrained {B}ayesian inverse problems with {R}iemann manifold {H}amiltonian {M}onte {C}arlo},
journal   = InverseProblems,
year      = {2014},
volume    = {30},
number    = {11},
pages     = {1--23},
eid       = {114014},
doi       = {10.1088/0266-5611/30/11/114014},
}
% journal   = {Inverse Problems},
% url       = {http://stacks.iop.org/0266-5611/30/i=11/a=114014},

% INTEGRATORS

@article{MCMC:Takaishi2000,
author    = {Takaishi, T.},
title     = {Choice of integrator in the hybrid {M}onte {C}arlo algorithm},
journal   = ComputerPhysicsCommunications,
year      = {2000},
volume    = {133},
number    = {1},
pages     = {6--17},
issn      = {0010-4655},
doi       = {10.1016/S0010-4655(00)00161-2},
}
% journal   = {Computer Physics Communications},
% url       = {http://www.sciencedirect.com/science/article/pii/S0010465500001612},

@article{MCMC:Takaishi2002,
author    = {Takaishi, T.},
title     = {Higher order hybrid {M}onte {C}arlo at finite temperature},
journal   = PhysicsLettersB,
year      = {2002},
volume    = {540},
number    = {1--2},
pages     = {159--165},
issn      = {0370-2693},
doi       = {10.1016/S0370-2693(02)02139-1},
}
% journal   = {Physics Letters B},
% url       = {http://www.sciencedirect.com/science/article/pii/S0370269302021391},

@article{MCMC:Omelyan2002,
author    = {Omelyan, I.~P. and Mryglod, I.~M. and Folk, R.},
title     = {Optimized {V}erlet-like algorithms for molecular dynamics simulations},
journal   = PhysicalReviewE,
year      = {2002},
volume    = {65},
number    = {5},
pages     = {1--5},
eid       = {056706},
doi       = {10.1103/PhysRevE.65.056706},
publisher = {American Physical Society},
}
% journal   = {Physical Review E},
% url       = {http://link.aps.org/doi/10.1103/PhysRevE.65.056706},

@article{MCMC:Takaishi2006,
author    = {Takaishi, T. and de Forcrand, P.},
title     = {Testing and tuning symplectic integrators for the hybrid {M}onte {C}arlo algorithm in lattice {QCD}},
journal   = PhysicalReviewE,
year      = {2006},
volume    = {73},
number    = {3},
pages     = {1--8},
eid       = {036706},
doi       = {10.1103/PhysRevE.73.036706},
publisher = {American Physical Society},
}
% journal   = {Physical Review E},
% url       = {http://link.aps.org/doi/10.1103/PhysRevE.73.036706},

@article{MCMC:Blanes2014,
author    = {Blanes, S. and Casas, F. and Sanz-Serna, J.},
title     = {Numerical Integrators for the Hybrid {M}onte {C}arlo Method},
journal   = SIAMJournalonScientificComputing,
year      = {2014},
volume    = {36},
number    = {4},
pages     = {1556--1580},
series    = {A},
doi       = {10.1137/130932740},
}
% journal   = {SIAM Journal on Scientific Computing},

% HIERARCHICAL MODELS

@article{MCMC:Ishwaran1999,
author    = {Ishwaran, H.},
title     = {Applications of Hybrid {M}onte {C}arlo to {B}ayesian Generalized Linear Models: {Q}uasicomplete Separation and Neural Networks},
journal   = JournalofComputationalandGraphicalStatistics,
year      = {1999},
volume    = {8},
number    = {4},
pages     = {779--799},
doi       = {10.1080/10618600.1999.10474849},
}
% journal   = {Journal of Computational and Graphical Statistics},
% url       = {http://amstat.tandfonline.com/doi/abs/10.1080/10618600.1999.10474849},
% eprint    = {http://amstat.tandfonline.com/doi/pdf/10.1080/10618600.1999.10474849},

@incollection{MCMC:Betancourt2015,
author    = {Betancourt, M. and Girolami, M.},
title     = {{H}amiltonian {M}onte {C}arlo for Hierarchical Models},
booktitle = {Current Trends in Bayesian Methodology with Applications},
editor    = {Upadhyay, S.~K. and Singh, U. and Dey, D.~K. and Loganathan, A.},
year      = {2015},
pages     = {79--101},
publisher = {CRC Press},
address   = {Boca Raton, Florida, USA},
doi       = {10.1201/b18502-5},
}

@incollection{MCMC:Zhang2014,
author    = {Zhang, Y. and Sutton, C.},
title     = {Semi-Separable {H}amiltonian {M}onte {C}arlo for Inference in {B}ayesian Hierarchical Models},
booktitle = {Advances in Neural Information Processing Systems 27 (NIPS 2014)},
editor    = {Ghahramani, Z. and Welling, M. and Cortes, C. and Lawrence, N.~D. and Weinberger, K.~Q.},
year      = {2014},
pages     = {10--18},
publisher = {Curran Associates, Inc.},
address   = {Morehouse Lane, New York, USA},
}
% address   = {Morehouse Lane, Red Hook, New York, USA},
% url       = {http://papers.nips.cc/paper/5591-semi-separable-hamiltonian-monte-carlo-for-inference-in-bayesian-hierarchical-models.pdf},

% MOREOVER

@incollection{MCMC:Wingate2011,
author    = {Wingate, D. and Goodman, N.~D. and Stuhlm\"{u}ller, A. and Siskind, J.~M.},
title     = {Nonstandard Interpretations of Probabilistic Programs for Efficient Inference},
booktitle = {Advances in Neural Information Processing Systems 24 (NIPS 2011)},
editor    = {Shawe-Taylor, J. and Zemel, R.~S. and Bartlett, P.~L. and Pereira, F. and Weinberger, K.~Q.},
year      = {2011},
pages     = {1152--1160},
publisher = {Curran Associates, Inc.},
}
% url       = {http://papers.nips.cc/paper/4309-nonstandard-interpretations-of-probabilistic-programs-for-efficient-inference.pdf},

@incollection{MCMC:Zhang2012,
author    = {Zhang, Y. and Ghahramani, Z. and Storkey, A.~J. and Sutton, C.~A.},
title     = {Continuous Relaxations for Discrete {H}amiltonian {M}onte {C}arlo},
booktitle = {Advances in Neural Information Processing Systems 25 (NIPS 2012)},
editor    = {Pereira, F. and Burges, C.~J.~C. and Bottou, L. and Weinberger, K.~Q.},
year      = {2012},
pages     = {3194--3202},
publisher = {Curran Associates, Inc.},
}
% author    = {Zhang, Y. and Sutton, C. and Storkey, A. and Ghahramani, Z.},
% url       = {http://papers.nips.cc/paper/4652-continuous-relaxations-for-discrete-hamiltonian-monte-carlo.pdf},

% DETERMINISTIC TRANSFORMATIONS

@article{MCMC:Dutta2014,
author    = {Dutta, S. and Bhattacharya, S.},
title     = {{M}arkov chain {M}onte {C}arlo based on deterministic transformations},
journal   = StatisticalMethodology,
year      = {2014},
volume    = {16},
pages     = {100--116},
issn      = {1572-3127},
doi       = {10.1016/j.stamet.2013.08.006},
}
% journal   = {Statistical Methodology},
% url       = {http://www.sciencedirect.com/science/article/pii/S1572312713000683},


%%%%%%%%%%%%%%%%%%%%%
% TRANSITIONAL MCMC %
%%%%%%%%%%%%%%%%%%%%%

@article{MCMC:Beck2002,
author    = {Beck, J. and Au, S.},
title     = {{B}ayesian Updating of Structural Models and Reliability using {M}arkov Chain {M}onte {C}arlo Simulation},
journal   = JournalofEngineeringMechanics,
year      = {2002},
volume    = {128},
number    = {4},
pages     = {380--391},
doi       = {10.1061/(ASCE)0733-9399(2002)128:4(380)},
}
% journal   = {ASCE Journal of Engineering Mechanics},
% url       = {http://ascelibrary.org/doi/abs/10.1061/%28ASCE%290733-9399%282002%29128%3A4%28380%29},
% eprint    = {http://ascelibrary.org/doi/pdf/10.1061/%28ASCE%290733-9399%282002%29128%3A4%28380%29},

@article{MCMC:Ching2007,
author    = {Ching, J. and Chen, Y.},
title     = {Transitional {M}arkov Chain {M}onte {C}arlo Method for {B}ayesian Model Updating, Model Class Selection, and Model Averaging},
journal   = JournalofEngineeringMechanics,
year      = {2007},
volume    = {133},
number    = {7},
pages     = {816--832},
doi       = {10.1061/(ASCE)0733-9399(2007)133:7(816)},
}
% journal   = {ASCE Journal of Engineering Mechanics},
% url       = {http://ascelibrary.org/doi/abs/10.1061/%28ASCE%290733-9399%282007%29133%3A7%28816%29},
% eprint    = {http://ascelibrary.org/doi/pdf/10.1061/%28ASCE%290733-9399%282007%29133%3A7%28816%29},

@article{MCMC:Angelikopoulos2012,
author    = {Angelikopoulos, P. and Papadimitriou, C. and Koumoutsakos, P.},
title     = {{B}ayesian uncertainty quantification and propagation in molecular dynamics simulations: {A} high performance computing framework},
journal   = TheJournalofChemicalPhysics,
year      = {2012},
volume    = {137},
number    = {14},
eid       = {144103},
pages     = {1--19},
doi       = {10.1063/1.4757266},
}
% journal   = {The Journal of Chemical Physics},

@article{MCMC:Hadjidoukas2015,
author    = {Hadjidoukas, P.~E. and Angelikopoulos, P. and Papadimitriou, C. and Koumoutsakos, P.},
title     = {{$\Pi$4U}: {A} high performance computing framework for {B}ayesian uncertainty quantification of complex models},
journal   = JournalofComputationalPhysics,
year      = {2015},
volume    = {284},
pages     = {1--21},
issn      = {0021-9991},
doi       = {10.1016/j.jcp.2014.12.006},
}
% journal   = {Journal of Computational Physics},
% url       = {http://www.sciencedirect.com/science/article/pii/S0021999114008134},

@article{MCMC:Zheng2014,
author    = {Zheng, W. and Chen, Y.-T.},
title     = {Novel probabilistic approach to assessing barge--bridge collision damage based on vibration measurements through transitional {M}arkov chain {M}onte {C}arlo sampling},
journal   = JournalofCivilStructuralHealthMonitoring,
year      = {2014},
volume    = {4},
number    = {2},
pages     = {119--131},
issn      = {2190-5479},
doi       = {10.1007/s13349-013-0063-2},
}
% journal   = {Journal of Civil Structural Health Monitoring},

@article{MCMC:Angelikopoulos2015,
author    = {Angelikopoulos, P. and Papadimitriou, C. and Koumoutsakos, P.},
title     = {{X-TMCMC}: {A}daptive kriging for {B}ayesian inverse modeling},
journal   = ComputerMethodsinAppliedMechanicsandEngineering,
year      = {2015},
volume    = {289},
pages     = {409--428},
issn      = {0045-7825},
doi       = {10.1016/j.cma.2015.01.015},
}
% journal   = {Computer Methods in Applied Mechanics and Engineering},
% url       = {http://www.sciencedirect.com/science/article/pii/S0045782515000353},

@article{MCMC:Betz2016,
author    = {Betz, W. and Papaioannou, I. and Straub, D.},
title     = {Transitional {M}arkov Chain {M}onte {C}arlo: Observations and Improvements},
journal   = JournalofEngineeringMechanics,
year      = {2016},
volume    = {142},
number    = {5},
pages     = {1--10},
eid       = {04016016},
doi       = {10.1061/(ASCE)EM.1943-7889.0001066},
}
% journal   = {Journal of Engineering Mechanics},


%%%%%%%%%%%%%%%%%%%
% NESTED SAMPLING %
%%%%%%%%%%%%%%%%%%%

@article{MCMC:Skilling2004,
author    = {Skilling, J.},
title     = {Nested Sampling},
journal   = AIPConferenceProceedings,
year      = {2004},
volume    = {735},
number    = {1},
pages     = {395--405},
doi       = {10.1063/1.1835238},
}
% journal   = {AIP Conference Proceedings},
% url       = {http://aip.scitation.org/doi/abs/10.1063/1.1835238},
% eprint    = {http://aip.scitation.org/doi/pdf/10.1063/1.1835238},

@article{MCMC:Skilling2006,
author    = {Skilling, J.},
title     = {Nested Sampling for General {B}ayesian Computation},
journal   = BayesianAnalysis,
year      = {2006},
volume    = {1},
number    = {4},
pages     = {833--859},
doi       = {10.1214/06-BA127},
publisher = {International Society for Bayesian Analysis},
}
% journal   = {Bayesian Analysis},

@article{MCMC:Chopin2010,
author    = {Chopin, N. and Robert, C.~P.},
title     = {Properties of nested sampling},
journal   = Biometrika,
year      = {2010},
volume    = {97},
number    = {3},
pages     = {741--755},
doi       = {10.1093/biomet/asq021},
}
% journal   = {Biometrika},


%%%%%%%%%%%%%%%%%%%%%
% DATA AUGMENTATION %
%%%%%%%%%%%%%%%%%%%%%

@article{MCMC:Dyk2001,
author    = {van Dyk, D.~A. and Meng, X.-L.},
title     = {The Art of Data Augmentation},
journal   = JournalofComputationalandGraphicalStatistics,
year      = {2001},
volume    = {10},
number    = {1},
pages     = {1--50},
doi       = {10.1198/10618600152418584},
}
% journal   = {Journal of Computational and Graphical Statistics},
% url       = {http://amstat.tandfonline.com/doi/abs/10.1198/10618600152418584},
% eprint    = {http://amstat.tandfonline.com/doi/pdf/10.1198/10618600152418584},

@incollection{MCMC:Dyk2003,
author    = {van Dyk, D.~A.},
title     = {Hierarchical Models, Data Augmentation, and {M}arkov Chain {M}onte {C}arlo},
booktitle = {Statistical Challenges in Astronomy},
publisher = {Springer},
address   = {New York},
year      = {2003},
pages     = {41--55},
doi       = {10.1007/0-387-21529-8_3},
}

@article{MCMC:Tanner1987,
author    = {Tanner, M.~A. and Wong, W.~H.},
title     = {The Calculation of Posterior Distributions by Data Augmentation},
journal   = JournaloftheAmericanStatisticalAssociation,
year      = {1987},
volume    = {82},
number    = {398},
pages     = {528--540},
issn      = {01621459},
doi       = {10.1080/01621459.1987.10478458},
publisher = {American Statistical Association},
}
% journal   = {Journal of the American Statistical Association},
% doi       = {10.2307/2289457},
% url       = {http://www.jstor.org/stable/2289457},

@article{MCMC:Tanner2010,
author    = {Tanner, M.~A. and Wong, W.~H.},
title     = {From {EM} to Data Augmentation: {T}he Emergence of {MCMC} {B}ayesian Computation in the 1980s},
journal   = StatisticalScience,
year      = {2010},
volume    = {25},
number    = {4},
pages     = {506--516},
doi       = {10.1214/10-STS341},
publisher = {The Institute of Mathematical Statistics},
}

@article{MCMC:Neal2015,
author    = {Neal, P. and Kypraios, T.},
title     = {Exact {B}ayesian inference via data augmentation},
journal   = StatisticsandComputing,
year      = {2015},
volume    = {25},
number    = {2},
pages     = {333--347},
issn      = {0960-3174},
doi       = {10.1007/s11222-013-9435-z},
publisher = {Springer US},
}
% journal   = {Statistics and Computing},


%%%%%%%%%%%%%%%%%%%%%%%%%%%%%%%%
% MCMC FOR HIERARCHICAL MODELS %
%%%%%%%%%%%%%%%%%%%%%%%%%%%%%%%%

@article{MCMC:Wakefield1994,
author    = {Wakefield, J.~C. and Smith, A.~F.~M. and Racine-Poon, A. and Gelfand, A.~E.},
title     = {{B}ayesian Analysis of Linear and Non-Linear Population Models by Using the {G}ibbs Sampler},
journal   = JournaloftheRoyalStatisticalSocietySeriesCAppliedStatistics,
year      = {1994},
volume    = {43},
number    = {1},
pages     = {201--221},
issn      = {00359254},
doi       = {10.2307/2986121},
publisher = {Wiley for the Royal Statistical Society},
}
% journal   = {Journal of the Royal Statistical Society. Series C (Applied Statistics)},
% url       = {http://www.jstor.org/stable/2986121},

@article{MCMC:Damien1999,
author    = {Damien, P. and Wakefield, J. and Walker, S.},
title     = {{G}ibbs sampling for {B}ayesian non-conjugate and hierarchical models by using auxiliary variables},
journal   = JournaloftheRoyalStatisticalSocietySeriesBStatisticalMethodology,
year      = {1999},
volume    = {61},
number    = {2},
pages     = {331--344},
issn      = {1467-9868},
doi       = {10.1111/1467-9868.00179},
publisher = {Blackwell Publishers Ltd.},
}
% journal   = {Journal of the Royal Statistical Society: Series B (Statistical Methodology)},

@incollection{MCMC:Bennett1995,
author    = {Bennett, J.~E. and Racine-Poon, A. and Wakefield, J.~C.},
title     = {{MCMC} for nonlinear hierarchical models},
editor    = {Gilks, W.~R. and Richardson, S. and Spiegelhalter, D.~J.},
booktitle = {{M}arkov Chain {M}onte {C}arlo in Practice},
year      = {1995},
pages     = {339--357},
publisher = {Chapman \& Hall/CRC},
address   = {Boca Raton, Florida, USA},
series    = {Interdisciplinary Statistics},
}

@incollection{MCMC:Spiegelhalter1995,
author    = {Spiegelhalter, D.~J. and Best, N.~G. and Gilks, W.~R. and Inskip, H.},
title     = {Hepatitis {B}: {A} Case Study in {MCMC}},
editor    = {Gilks, W.~R. and Richardson, S. and Spiegelhalter, D.~J.},
booktitle = {{M}arkov Chain {M}onte {C}arlo in Practice},
year      = {1995},
pages     = {21--44},
publisher = {Chapman \& Hall/CRC},
address   = {Boca Raton, Florida, USA},
series    = {Interdisciplinary Statistics},
}

@incollection{MCMC:Gilks1995:FullConditionals,
author    = {Gilks, W.~R.},
title     = {Full Conditional Distributions},
editor    = {Gilks, W.~R. and Richardson, S. and Spiegelhalter, D.~J.},
booktitle = {{M}arkov Chain {M}onte {C}arlo in Practice},
year      = {1995},
pages     = {75--88},
publisher = {Chapman \& Hall/CRC},
address   = {Boca Raton, Florida, USA},
series    = {Interdisciplinary Statistics},
}

@article{MCMC:Gilks1995,
author    = {Gilks, W.~R. and Best, N.~G. and Tan, K.~K.~C.},
title     = {Adaptive Rejection {M}etropolis Sampling within {G}ibbs Sampling},
year      = {1995},
journal   = JournaloftheRoyalStatisticalSocietySeriesCAppliedStatistics,
volume    = {44},
number    = {4},
pages     = {455--472},
issn      = {00359254},
doi       = {10.2307/2986138},
publisher = {Wiley for the Royal Statistical Society},
}
% journal   = {Journal of the Royal Statistical Society. Series C (Applied Statistics)},
% url       = {http://www.jstor.org/stable/2986138},

@incollection{MCMC:Pinheiro2000,
author    = {Pinheiro, J.~C. and Bates, D.~M.},
title     = {Theory and Computational Methods for Nonlinear Mixed-Effects Models},
year      = {2000},
booktitle = {Mixed-Effects Models in S and S-PLUS},
series    = {Statistics and Computing},
publisher = {Springer},
address   = {New York},
pages     = {305--336},
doi       = {10.1007/0-387-22747-4_7},
}

@article{MCMC:Agapiou2014,
author    = {Agapiou, S. and Bardsley, J. and Papaspiliopoulos, O. and Stuart, A.},
title     = {Analysis of the {G}ibbs Sampler for Hierarchical Inverse Problems},
journal   = SIAMASAJournalonUncertaintyQuantification,
year      = {2014},
volume    = {2},
number    = {1},
pages     = {511--544},
doi       = {10.1137/130944229},
}
% journal   = {SIAM/ASA Journal on Uncertainty Quantification},


%%%%%%%%%%%%%%%%%%%%%%%
% AUXILIARY VARIABLES %
%%%%%%%%%%%%%%%%%%%%%%%

@article{MCMC:Higdon1998,
author    = {Higdon, D.~M.},
title     = {Auxiliary Variable Methods for {M}arkov Chain {M}onte {C}arlo with Applications},
journal   = JournaloftheAmericanStatisticalAssociation,
year      = {1998},
volume    = {93},
number    = {442},
pages     = {585--595},
issn      = {01621459},
doi       = {10.1080/01621459.1998.10473712},
publisher = {American Statistical Association},
}
% journal   = {Journal of the American Statistical Association},
% doi       = {10.2307/2670110},
% url       = {http://www.jstor.org/stable/2670110},

@article{MCMC:Hurn1997,
author    = {Hurn, M.},
title     = {Difficulties in the use of auxiliary variables in {M}arkov chain {M}onte {C}arlo methods},
journal   = StatisticsandComputing,
year      = {1997},
volume    = {7},
number    = {1},
pages     = {35--44},
issn      = {0960-3174},
doi       = {10.1023/A:1018505328451},
publisher = {Kluwer Academic Publishers},
}
% journal   = {Statistics and Computing},


%%%%%%%%%%%%%%%%%
% APPROXIMATION %
%%%%%%%%%%%%%%%%%

@article{MCMC:Christen2005,
author    = {Christen, J.~A. and Fox, C.},
title     = {{M}arkov chain {M}onte {C}arlo Using an Approximation},
journal   = JournalofComputationalandGraphicalStatistics,
year      = {2005},
volume    = {14},
number    = {4},
pages     = {795--810},
doi       = {10.1198/106186005X76983},
}
% journal   = {Journal of Computational and Graphical Statistics},
% url       = {http://www.tandfonline.com/doi/abs/10.1198/106186005X76983},
% eprint    = {http://www.tandfonline.com/doi/pdf/10.1198/106186005X76983},

@article{MCMC:Conrad2016,
author    = {Conrad, P.~R. and Marzouk, Y.~M. and Pillai, N.~S. and Smith, A.},
title     = {Accelerating Asymptotically Exact {MCMC} for Computationally Intensive Models via Local Approximations},
journal   = JournaloftheAmericanStatisticalAssociation,
year      = {2016},
volume    = {111},
number    = {516},
pages     = {1591--1607},
doi       = {10.1080/01621459.2015.1096787},
}
% journal   = {Journal of the American Statistical Association},


%%%%%%%%%%%%%%%%%%%%%%%%%%%%%%%%%%%%%%%%%%%%%%%%%%%%%%%
% STATISTICAL LIKELIHOOD ESTIMATION & MARGINALIZATION %
%%%%%%%%%%%%%%%%%%%%%%%%%%%%%%%%%%%%%%%%%%%%%%%%%%%%%%%

@article{MCMC:Bal2013,
author    = {Bal, G. and Langmore, I. and Marzouk, Y.},
title     = {{B}ayesian Inverse Problems with {M}onte {C}arlo Forward Models},
journal   = InverseProblemsandImaging,
year      = {2013},
volume    = {7},
number    = {1},
pages     = {81--105},
doi       = {10.3934/ipi.2013.7.81},
}
% journal   = {Inverse Problems and Imaging},

@article{MCMC:Diggle1984,
author    = {Diggle, P.~J. and Gratton, R.~J.},
title     = {{M}onte {C}arlo Methods of Inference for Implicit Statistical Models},
journal   = JournaloftheRoyalStatisticalSocietySeriesBMethodological,
year      = {1984},
volume    = {46},
number    = {2},
pages     = {193--227},
issn      = {00359246},
publisher = {Wiley for the Royal Statistical Society},
}
% journal   = {Journal of the Royal Statistical Society. Series B (Methodological)},
% url       = {http://www.jstor.org/stable/2345504},

@article{MCMC:ONeill2000,
author    = {O'Neill, P.~D. and Balding, D.~J. and Becker, N.~G. and Eerola, M. and Mollison, D.},
title     = {Analyses of Infectious Disease Data from Household Outbreaks by {M}arkov chain {M}onte {C}arlo Methods},
journal   = JournaloftheRoyalStatisticalSocietySeriesCAppliedStatistics,
year      = {2000},
volume    = {49},
number    = {4},
pages     = {517--542},
issn      = {00359254},
doi       = {10.1111/1467-9876.00210},
publisher = {Wiley for the Royal Statistical Society},
}
% journal   = {Journal of the Royal Statistical Society. Series C (Applied Statistics)},
% url       = {http://www.jstor.org/stable/2680786},

@article{MCMC:Beaumont2003,
author    = {Beaumont, M.~A.},
title     = {Estimation of Population Growth or Decline in Genetically Monitored Populations},
journal   = Genetics,
year      = {2003},
volume    = {164},
number    = {3},
pages     = {1139--1160},
}
% journal   = {Genetics},
% url       = {http://www.genetics.org/content/164/3/1139.abstract},
% eprint    = {http://www.genetics.org/content/164/3/1139.full.pdf+html},

@article{MCMC:Sung2007,
author    = {Sung, Y.~J. and Geyer, C.~J.},
title     = {{M}onte {C}arlo Likelihood Inference for Missing Data Models},
journal   = TheAnnalsofStatistics,
year      = {2007},
volume    = {35},
number    = {3},
pages     = {990--1011},
issn      = {00905364},
doi       = {10.1214/009053606000001389},
publisher = {Institute of Mathematical Statistics},
}
% journal   = {The Annals of Statistics},
% url       = {http://www.jstor.org/stable/25463589},

@article{MCMC:Andrieu2009,
author    = {Andrieu, C. and Roberts, G.~O.},
title     = {The Pseudo-Marginal Approach for Efficient {M}onte {C}arlo Computations},
journal   = TheAnnalsofStatistics,
year      = {2009},
volume    = {37},
number    = {2},
pages     = {697--725},
issn      = {00905364},
doi       = {10.1214/07-AOS574},
publisher = {Institute of Mathematical Statistics},
}
% journal   = {The Annals of Statistics},
% url       = {http://www.jstor.org/stable/30243645},

@article{MCMC:Stramer2011,
author    = {Stramer, O. and Bognar, M.},
title     = {{B}ayesian inference for irreducible diffusion processes using the pseudo-marginal approach},
journal   = BayesianAnalysis,
year      = {2011},
volume    = {6},
number    = {2},
pages     = {231--258},
doi       = {10.1214/11-BA608},
publisher = {International Society for Bayesian Analysis},
}

@article{MCMC:Filiponne2014,
author    = {Filippone, M. and Girolami, M.},
title     = {Pseudo-Marginal {B}ayesian Inference for {G}aussian Processes},
journal   = IEEETransactionsonPatternAnalysisandMachineIntelligence,
year      = {2014},
volume    = {36},
number    = {11},
pages     = {2214--2226},
issn      = {0162-8828},
doi       = {10.1109/TPAMI.2014.2316530},
}
% journal   = {IEEE Transactions on Pattern Analysis and Machine Intelligence},

@inproceedings{MCMC:Korattikara2014:Conf,
author    = {Korattikara, A. and Chen, Y. and Welling, M.},
title     = {Austerity in {MCMC} Land: {C}utting the {M}etropolis-{H}astings Budget},
booktitle = {31st International Conference on Machine Learning (ICML 2014)},
series    = {JMLR Workshop and Conference Proceedings},
editor    = {Lawrence, N. and Reid, M.},
year      = {2014},
month     = jun#{~22-24},
volume    = {32},
number    = {1},
pages     = {181--189},
publisher = {JMLR},
}
% address   = {Beijing, China},
% url       = {http://jmlr.org/proceedings/papers/v32/korattikara14.html},

@article{MCMC:Korattikara2014,
author    = {Korattikara, A. and Chen, Y. and Welling, M.},
title     = {Austerity in {MCMC} Land: {C}utting the {M}etropolis-{H}astings Budget},
journal   = {JMLR Workshop and Conference Proceedings: 31st International Conference on Machine Learning (ICML 2014)},
year      = {2014},
volume    = {32},
number    = {1},
pages     = {181--189},
}
% journal   = {JMLR W\&CP},
% journal   = {JMLR Workshop and Conference Proceedings: Proceedings of the 31st International Conference on Machine Learning},
% url       = {http://jmlr.org/proceedings/papers/v32/korattikara14.html},

@inproceedings{MCMC:Bardenet2014:Conf,
author    = {Bardenet, R. and Doucet, A. and Holmes, C.},
title     = {Towards scaling up {M}arkov chain {M}onte {C}arlo: {A}n adaptive subsampling approach},
booktitle = {31st International Conference on Machine Learning (ICML 2014)},
series    = {JMLR Workshop and Conference Proceedings},
editor    = {Lawrence, N. and Reid, M.},
year      = {2014},
month     = jun#{~22-24},
volume    = {32},
number    = {1},
pages     = {405--413},
publisher = {JMLR},
}
% address   = {Beijing, China},
% url       = {http://jmlr.org/proceedings/papers/v32/bardenet14.html},

@article{MCMC:Bardenet2014,
author    = {Bardenet, R. and Doucet, A. and Holmes, C.},
title     = {Towards scaling up {M}arkov chain {M}onte {C}arlo: {A}n adaptive subsampling approach},
journal   = {JMLR Workshop and Conference Proceedings: 31st International Conference on Machine Learning (ICML 2014)},
year      = {2014},
volume    = {32},
number    = {1},
pages     = {405--413},
}
% url       = {http://jmlr.org/proceedings/papers/v32/bardenet14.html},

@article{MCMC:Doucet2015,
author    = {Doucet, A. and Pitt, M.~K. and Deligiannidis, G. and Kohn, R.},
title     = {Efficient implementation of {M}arkov chain {M}onte {C}arlo when using an unbiased likelihood estimator},
journal   = Biometrika,
year      = {2015},
volume    = {102},
number    = {2},
pages     = {295--313},
doi       = {10.1093/biomet/asu075},
}
% journal   = {Biometrika},
% url       = {http://biomet.oxfordjournals.org/content/102/2/295.abstract},
% eprint    = {http://biomet.oxfordjournals.org/content/102/2/295.full.pdf+html},

@article{MCMC:Lyne2015,
author    = {Lyne, A.-M. and Girolami, M. and Atchad\'{e}, Y. and Strathmann, H. and Simpson, D.},
title     = {On {R}ussian Roulette Estimates for {B}ayesian Inference with Doubly-Intractable Likelihoods},
journal   = StatisticalScience,
year      = {2015},
volume    = {30},
number    = {4},
pages     = {443--467},
doi       = {10.1214/15-STS523},
publisher = {The Institute of Mathematical Statistics},
}
% journal   = {Statistical Science},

@article{MCMC:Sherlock2015,
author    = {Sherlock, C. and Thiery, A.~H. and Roberts, G.~O. and Rosenthal, J.~S.},
title     = {On the efficiency of pseudo-marginal random walk {M}etropolis algorithms},
journal   = TheAnnalsofStatistics,
year      = {2015},
volume    = {43},
number    = {1},
pages     = {238--275},
doi       = {10.1214/14-AOS1278},
publisher = {The Institute of Mathematical Statistics},
}
% journal   = {The Annals of Statistics},

@article{MCMC:Alquier2016,
author    = {Alquier, P. and Friel, N. and Everitt, R. and Boland, A.},
title     = {Noisy {M}onte {C}arlo: convergence of {M}arkov chains with approximate transition kernels},
journal   = StatisticsandComputing,
year      = {2016},
volume    = {26},
number    = {1},
pages     = {29--47},
issn      = {1573-1375},
doi       = {10.1007/s11222-014-9521-x},
}
% journal   = {Statistics and Computing},


%%%%%%%%%%%%%%%%%%%%%%%
% DIMENSION REDUCTION %
%%%%%%%%%%%%%%%%%%%%%%%

@article{MCMC:Cui2014,
author    = {Cui, T. and Martin, J. and Marzouk, Y.~M. and Solonen, A. and Spantini, A.},
title     = {Likelihood-informed dimension reduction for nonlinear inverse problems},
journal   = InverseProblems,
year      = {2014},
volume    = {30},
number    = {11},
pages     = {1--28},
eid       = {114015},
doi       = {10.1088/0266-5611/30/11/114015},
}
% url       = {http://stacks.iop.org/0266-5611/30/i=11/a=114015},
% journal   = {Inverse Problems},

@article{MCMC:Cui2015,
author    = {Cui, T. and Marzouk, Y.~M. and Willcox, K.~E.},
title     = {Data-driven model reduction for the {B}ayesian solution of inverse problems},
journal   = InternationalJournalforNumericalMethodsinEngineering,
year      = {2015},
volume    = {102},
number    = {5},
pages     = {966--990},
issn      = {1097-0207},
doi       = {10.1002/nme.4748},
}
% journal   = {International Journal for Numerical Methods in Engineering},

@article{MCMC:Cui2016,
author    = {Cui, T. and Law, K.~J.~H. and Marzouk, Y.~M.},
title     = {Dimension-independent likelihood-informed {MCMC}},
journal   = JournalofComputationalPhysics,
year      = {2016},
volume    = {304},
pages     = {109--137},
issn      = {0021-9991},
doi       = {10.1016/j.jcp.2015.10.008},
}
% journal   = {Journal of Computational Physics},
% url       = {http://www.sciencedirect.com/science/article/pii/S0021999115006701},

