

%%%%%%%%%
% BOOKS %
%%%%%%%%%

@book{Multilevel:Davidian1995,
author    = {Davidian, M. and Giltinan, D.~M.},
title     = {Nonlinear Models for Repeated Measurement Data},
publisher = {Chapman \& Hall/CRC},
address   = {Boca Raton, Florida, USA},
year      = {1995},
series    = {Monographs on Statistics \& Applied Probability},
number    = {62},
}

@book{Multilevel:Banks2014,
author    = {Banks, H.~T. and Hu, S. and Thompson, W.~C.},
title     = {Modeling and Inverse Problems in the Presence of Uncertainty},
publisher = {Chapman \& Hall/CRC},
address   = {Boca Raton, Florida, USA},
year      = {2014},
series    = {Monographs and Research Notes in Mathematics},
}

@book{Multilevel:Wu2010,
author    = {Wu, L.},
title     = {Mixed Effects Models for Complex Data},
publisher = {Chapman \& Hall/CRC},
address   = {Boca Raton, Florida, USA},
year      = {2010},
series    = {Monographs on Statistics \& Applied Probability},
number    = {113},
doi       = {10.1201/9781420074086},
}

@book{Multilevel:Goldstein2011,
author    = {Goldstein, H.},
title     = {Multilevel Statistical Models},
publisher = {John Wiley \& Sons, Ltd.},
address   = {Chichester, West Sussex, UK},
year      = {2011},
edition   = {4},
series    = {Wiley Series in Probability and Statistics},
number    = {847},
doi       = {10.1002/9780470973394},
}

@book{Multilevel:Gelman2006:a,
author    = {Gelman, A. and Hill, J.},
title     = {Data Analysis Using Regression and Multilevel/Hierarchical Models},
publisher = {Cambridge University Press},
address   = {Cambridge, UK},
year      = {2006},
}

@incollection{Multilevel:Leeuw2008,
author    = {De Leeuw, J. and Meijer, E.},
title     = {Introduction to Multilevel Analysis},
editor    = {De Leeuw, J. and Meijer, E.},
booktitle = {Handbook of Multilevel Analysis},
publisher = {Springer},
address   = {New York},
year      = {2008},
pages     = {1--75},
doi       = {10.1007/978-0-387-73186-5_1},
}

@book{Multilevel:Hox2010,
author    = {Hox, J.~J.},
title     = {Multilevel Analysis: Techniques and Applications},
publisher = {Routledge Academic},
address   = {New York},
year      = {2010},
edition   = {2},
series    = {Quantitative Methodology Series},
doi       = {10.4324/9780203852279},
}

@book{Multilevel:Snijders2011,
author    = {Snijders, T.~A.~B. and Bosker, R.},
title     = {Multilevel Analysis: An Introduction to Basic and Advanced Multilevel Modeling},
publisher = {Sage Publications Ltd},
address   = {London, UK},
year      = {2011},
edition   = {2},
}

@book{Multilevel:Searle2006,
author    = {Searle, S.~R. and Casella, G. and McCulloch, C.~E.},
title     = {Variance Components},
publisher = {John Wiley \& Sons, Inc.},
address   = {Hoboken, New Jersey, USA},
year      = {2006},
series    = {Wiley Series in Probability and Statistics},
number    = {631},
doi       = {10.1002/9780470316856},
}

@book{Multilevel:Cressie2011,
author    = {Cressie, N. and Wikle, C.~K.},
title     = {Statistics for Spatio-Temporal Data},
publisher = {John Wiley \& Sons, Inc.},
address   = {Hoboken, New Jersey, USA},
year      = {2011},
series    = {Wiley Series in Probability and Statistics},
}


%%%%%%%%%%%%%%%%%%%%%%%%%%%
% PROBABILISTIC INVERSION %
%%%%%%%%%%%%%%%%%%%%%%%%%%%

@article{Multilevel:Rocquigny2009,
author    = {de Rocquigny, E. and Cambier, S.},
title     = {Inverse probabilistic modelling of the sources of uncertainty: {A} non-parametric simulated-likelihood method with application to an industrial turbine vibration assessment},
journal   = InverseProblemsinScienceandEngineering,
year      = {2009},
volume    = {17},
number    = {7},
pages     = {937--959},
doi       = {10.1080/17415970902916987},
}
% journal   = {Inverse Problems in Science and Engineering},
% url       = {http://www.tandfonline.com/doi/abs/10.1080/17415970902916987},
% eprint    = {http://www.tandfonline.com/doi/pdf/10.1080/17415970902916987},

@article{Multilevel:Celeux2010,
author    = {Celeux, G. and Grimaud, A. and Lef\`{e}bvre, Y. and de Rocquigny, E.},
title     = {Identifying intrinsic variability in multivariate systems through linearized inverse methods},
journal   = InverseProblemsinScienceandEngineering,
year      = {2010},
volume    = {18},
number    = {3},
pages     = {401--415},
doi       = {10.1080/17415971003624330},
}
% journal   = {Inverse Problems in Science and Engineering},
% url       = {http://www.tandfonline.com/doi/abs/10.1080/17415971003624330},
% eprint    = {http://www.tandfonline.com/doi/pdf/10.1080/17415971003624330},

@article{Multilevel:Barbillon2011,
author    = {Barbillon, P. and Celeux, G. and Grimaud, A. and Lef\`{e}bvre, Y. and de Rocquigny, E.},
title     = {Nonlinear methods for inverse statistical problems},
journal   = ComputationalStatisticsDataAnalysis,
year      = {2011},
volume    = {55},
number    = {1},
pages     = {132--142},
issn      = {0167-9473},
doi       = {10.1016/j.csda.2010.05.030},
}
% journal   = {Computational Statistics \& Data Analysis},
% url       = {http://www.sciencedirect.com/science/article/pii/S0167947310002422},

@article{Multilevel:Rocquigny2010,
author    = {de Rocquigny, E.},
title     = {An applied framework for uncertainty treatment and key challenges in hydrological and hydraulic modeling},
journal   = CanadianJournalofCivilEngineering,
year      = {2010},
volume    = {37},
number    = {7},
pages     = {941--954},
doi       = {10.1139/L10-042},
}
% journal   = {Canadian Journal of Civil Engineering},
% note      = {Special Issue on Hydrotechnical Engineering},

@incollection{Multilevel:Pasanisi2009,
author    = {Pasanisi, A. and Parent, E. and Bousquet, N. and de Rocquigny, E.},
title     = {Some useful features of the {B}ayesian setting while dealing with uncertainties in industrial practice},
booktitle = {Reliability, Risk, and Safety: Theory and Applications},
editor    = {Bri\v{s}, R. and Soares, C.~G. and Martorell, S.},
year      = {2009},
pages     = {1795--1802},
publisher = {CRC Press},
doi       = {10.1201/9780203859759.ch248},
}


%%%%%%%%%%%%%
% TWO STAGE %
%%%%%%%%%%%%%

@article{Multilevel:Lunn2013,
author    = {Lunn, D. and Barrett, J. and Sweeting, M. and Thompson, S.},
title     = {Fully {B}ayesian hierarchical modelling in two stages, with application to meta-analysis},
journal   = JournaloftheRoyalStatisticalSocietySeriesCAppliedStatistics,
year      = {2013},
volume    = {62},
number    = {4},
pages     = {551--572},
issn      = {1467-9876},
doi       = {10.1111/rssc.12007},
publisher = {Blackwell Publishing Ltd.},
}
% journal   = {Journal of the Royal Statistical Society: Series C (Applied Statistics)},

@article{Multilevel:Desceliers2006,
author    = {Desceliers, C. and Ghanem, R. and Soize, C.},
title     = {Maximum likelihood estimation of stochastic chaos representations from experimental data},
journal   = InternationalJournalforNumericalMethodsinEngineering,
year      = {2006},
volume    = {66},
number    = {6},
pages     = {978--1001},
issn      = {1097-0207},
doi       = {10.1002/nme.1576},
publisher = {John Wiley \& Sons, Ltd.},
}
% journal   = {International Journal for Numerical Methods in Engineering},

@article{Multilevel:Desceliers2007,
author    = {Desceliers, C. and Soize, C. and Ghanem, R.},
title     = {Identification of Chaos Representations of Elastic Properties of Random Media Using Experimental Vibration Tests},
journal   = ComputationalMechanics,
year      = {2007},
volume    = {39},
number    = {6},
pages     = {831--838},
issn      = {0178-7675},
doi       = {10.1007/s00466-006-0072-7},
publisher = {Springer-Verlag},
}
% journal   = {Computational Mechanics},

@article{Multilevel:Mehrez2012:I,
author    = {Mehrez, L. and Moens, D. and Vandepitte, D.},
title     = {Stochastic identification of composite material properties from limited experimental databases, part {I}: {E}xperimental database construction},
journal   = MechanicalSystemsandSignalProcessing,
year      = {2012},
volume    = {27},
pages     = {471--483},
issn      = {0888-3270},
doi       = {10.1016/j.ymssp.2011.09.004},
}
% journal   = {Mechanical Systems and Signal Processing},
% url       = {http://www.sciencedirect.com/science/article/pii/S0888327011003724},

@article{Multilevel:Mehrez2012:II,
author    = {Mehrez, L. and Doostan, A. and Moens, D. and Vandepitte, D.},
title     = {Stochastic identification of composite material properties from limited experimental databases, Part {II}: {U}ncertainty modelling},
journal   = MechanicalSystemsandSignalProcessing,
year      = {2012},
volume    = {27},
pages     = {484--498},
issn      = {0888-3270},
doi       = {10.1016/j.ymssp.2011.09.001},
}
% journal   = {Mechanical Systems and Signal Processing},
% url       = {http://www.sciencedirect.com/science/article/pii/S0888327011003694},

@article{Multilevel:Debruyne2015,
author    = {Debruyne, S. and Vandepitte, D. and Moens, D.},
title     = {Identification of design parameter variability of honeycomb sandwich beams from a study of limited available experimental dynamic structural response data},
journal   = ComputersStructures,
year      = {2015},
volume    = {146},
pages     = {197--213},
issn      = {0045-7949},
doi       = {10.1016/j.compstruc.2013.09.004},
}
% journal   = {Computers \& Structures},
% url       = {http://www.sciencedirect.com/science/article/pii/S0045794913002605},


%%%%%%%%%%%%%%
% MULTILEVEL %
%%%%%%%%%%%%%%

@article{Multilevel:Davidian2003,
author    = {Davidian, M. and Giltinan, D.~M.},
title     = {Nonlinear Models for Repeated Measurement Data: {A}n Overview and Update},
journal   = JournalofAgriculturalBiologicalandEnvironmentalStatistics,
year      = {2003},
volume    = {8},
number    = {4},
pages     = {387--419},
issn      = {1085-7117},
doi       = {10.1198/1085711032697},
publisher = {Springer-Verlag},
}
% journal   = {Journal of Agricultural, Biological, and Environmental Statistics},

@article{Multilevel:Gelman2006:c,
author    = {Gelman, A.},
title     = {Multilevel (Hierarchical) Modeling: {W}hat It Can and Cannot Do},
journal   = Technometrics,
year      = {2006},
volume    = {48},
number    = {3},
pages     = {432--435},
doi       = {10.1198/004017005000000661},
publisher = {American Statistical Association},
}
% journal   = {Technometrics},
% url       = {http://pubs.amstat.org/doi/abs/10.1198/004017005000000661},

@incollection{Multilevel:Banks2009,
author    = {Banks, H.~T. and Davidian, M. and Samuels, J.~R. and Sutton, K.~L.},
title     = {An Inverse Problem Statistical Methodology Summary},
editor    = {Chowell, G. and Hayman, J.~M. and Bettencourt, L.~M.~A. and Castillo-Chavez, C.},
booktitle = {Mathematical and Statistical Estimation Approaches in Epidemiology},
publisher = {Springer Netherlands},
year      = {2009},
pages     = {249--302},
doi       = {10.1007/978-90-481-2313-1_11},
}

@article{Multilevel:Banks2012,
author    = {Banks, H.~T. and Kenz, Z.~R. and Thompson, W.~C.},
title     = {A review of selected techniques in inverse problem nonparametric probability distribution estimation},
journal   = JournalofInverseandIllposedProblems,
year      = {2012},
volume    = {20},
number    = {4},
pages     = {429--460},
doi       = {10.1515/jip-2012-0037},
}
% journal   = {Journal of Inverse and Ill-posed Problems},
% url       = {http://www.degruyter.com/view/j/jip.2012.20.issue-4/jip-2012-0037/jip-2012-0037.xml},


%%%%%%%%%%%%%%%%
% APPLICATIONS %
%%%%%%%%%%%%%%%%

% PHARMACOKINETICS

@article{Multilevel:Davidian1993,
author    = {Davidian, M. and Giltinan, D.~M.},
title     = {Some Simple Methods for Estimating Intraindividual Variability in Nonlinear Mixed Effects Models},
journal   = Biometrics,
year      = {1993},
volume    = {49},
number    = {1},
pages     = {59--73},
issn      = {0006341X},
doi       = {10.2307/2532602},
publisher = {International Biometric Society},
}
% journal   = {Biometrics},
% url       = {http://www.jstor.org/stable/2532602},

@article{Multilevel:Wakefield1996,
author    = {Wakefield, J.},
title     = {The {B}ayesian Analysis of Population Pharmacokinetic Models},
journal   = JournaloftheAmericanStatisticalAssociation,
year      = {1996},
volume    = {91},
number    = {433},
pages     = {62--75},
issn      = {01621459},
doi       = {10.1080/01621459.1996.10476664},
publisher = {American Statistical Association},
}
% journal   = {Journal of the American Statistical Association},
% doi       = {10.2307/2291383},
% url       = {http://www.jstor.org/stable/2291383},

@incollection{Multilevel:Lunn2005,
author    = {Lunn, D.~J.},
title     = {{B}ayesian Analysis of Population Pharmacokinetic/Pharmacodynamic Models},
editor    = {Husmeier, D. and Dybowski, R. and Roberts, S.},
booktitle = {Probabilistic Modeling in Bioinformatics and Medical Informatics},
year      = {2005},
pages     = {351--370},
series    = {Advanced Information and Knowledge Processing},
publisher = {Springer},
address   = {London},
doi       = {10.1007/1-84628-119-9_11},
}

@article{Multilevel:Banks2004,
author    = {Banks, H.~T. and Potter, L.~K.},
title     = {Probabilistic methods for addressing uncertainty and variability in biological models: application to a toxicokinetic model},
journal   = MathematicalBiosciences,
year      = {2004},
volume    = {192},
number    = {2},
pages     = {193--225},
issn      = {0025-5564},
doi       = {10.1016/j.mbs.2004.11.008},
}
% journal   = {Mathematical Biosciences},
% url       = {http://www.sciencedirect.com/science/article/pii/S0025556404001622},

@misc{Multilevel:Davidian2006,
author    = {Davidian, M.},
title     = {Introduction to Statistical Population Modeling and Analysis for Pharmacokinetic Data},
year      = {2006},
note      = {Invited paper for the International Workshop on Uncertainty and Variability in Physiologically Based Pharmacokinetic (PBPK) Models},
}
% url       = {http://www.epa.gov/ncct/uvpkm/},

% EDUCATIONAL RESEARCH

@article{Multilevel:Raudenbusch1988,
author    = {Raudenbush, S.~W.},
title     = {Educational Applications of Hierarchical Linear Models: {A} Review},
journal   = JournalofEducationalStatistics,
year      = {1988},
volume    = {13},
number    = {2},
pages     = {85--116},
doi       = {10.3102/10769986013002085},
publisher = {American Educational Research},
}
% journal   = {Journal of Educational Statistics},
% doi       = {10.2307/1164748},

@article{Multilevel:Seltzer1996,
author    = {Seltzer, M.~H. and Wong, W.~H. and Bryk, A.~S.},
title     = {{B}ayesian Analysis in Applications of Hierarchical Models: {I}ssues and Methods},
journal   = JournalofEducationalandBehavioralStatistics,
year      = {1996},
volume    = {21},
number    = {2},
pages     = {131--167},
doi       = {10.3102/10769986021002131},
}
% journal   = {Journal of Educational and Behavioral Statistics},
% url       = {http://jeb.sagepub.com/content/21/2/131.abstract},
% eprint    = {http://jeb.sagepub.com/content/21/2/131.full.pdf+html},

@article{Multilevel:Dedrick2009,
author    = {Dedrick, R.~F. and Ferron, J.~M. and Hess, M.~R. and Hogarty, K.~Y. and Kromrey, J.~D. and Lang, T.~R. and Niles, J.~D. and Lee, R.~S.},
title     = {Multilevel Modeling: {A} Review of Methodological Issues and Applications},
journal   = ReviewofEducationalResearch,
year      = {2009},
volume    = {79},
number    = {1},
pages     = {69--102},
doi       = {10.3102/0034654308325581},
}
% journal   = {Review of Educational Research},
% url       = {http://rer.sagepub.com/content/79/1/69.abstract},
% eprint    = {http://rer.sagepub.com/content/79/1/69.full.pdf+html},

% HEALTH CARE

@article{Multilevel:Spiegelhalter1998,
author    = {Spiegelhalter, D.~J.},
title     = {{B}ayesian graphical modelling: a case-study in monitoring health outcomes},
journal   = JournaloftheRoyalStatisticalSocietySeriesCAppliedStatistics,
year      = {1998},
volume    = {47},
number    = {1},
pages     = {115--133},
issn      = {1467-9876},
doi       = {10.1111/1467-9876.00101},
publisher = {Blackwell Publishers Ltd.},
}

@article{Multilevel:Mutshinda2012,
author    = {Mutshinda, C.~M. and Noykova, N. and Sillanp\"{a}\"{a}, M.~J.},
title     = {A hierarchical {B}ayesian approach to multi-trait clinical quantitative trait locus modeling},
journal   = FrontiersinGenetics,
year      = {2012},
volume    = {3},
number    = {97},
pages     = {1--12},
eid       = {97},
issn      = {1664-8021},
doi       = {10.3389/fgene.2012.00097},
}
% journal   = {Frontiers in Genetics},
% url       = {http://www.frontiersin.org/statistical_genetics_and_methodology/10.3389/fgene.2012.00097/abstract},

@article{Multilevel:Lappenschaar2013,
author    = {Lappenschaar, M. and Hommersom, A. and Lucas, P.~J.~F. and Lagro, J. and Visscher, S.},
title     = {Multilevel {B}ayesian networks for the analysis of hierarchical health care data},
journal   = ArtificialIntelligenceinMedicine,
year      = {2013},
volume    = {57},
number    = {3},
pages     = {171--183},
issn      = {0933-3657},
doi       = {10.1016/j.artmed.2012.12.007},
}
% journal   = {Artificial Intelligence in Medicine},
% url       = {http://www.sciencedirect.com/science/article/pii/S093336571300002X},

% SPATIAL STATISTICS

@article{Multilevel:Kang2011,
author    = {Kang, E.~L. and Cressie, N.},
title     = {{B}ayesian Inference for the Spatial Random Effects Model},
journal   = JournaloftheAmericanStatisticalAssociation,
year      = {2011},
volume    = {106},
number    = {495},
pages     = {972--983},
doi       = {10.1198/jasa.2011.tm09680},
}
% journal   = {Journal of the American Statistical Association},

@article{Multilevel:Gelfand2012,
author    = {Gelfand, A.~E.},
title     = {Hierarchical modeling for spatial data problems},
journal   = SpatialStatistics,
year      = {2012},
volume    = {1},
pages     = {30--39},
issn      = {2211-6753},
doi       = {10.1016/j.spasta.2012.02.005},
}
% journal   = {Spatial Statistics},
% url       = {http://www.sciencedirect.com/science/article/pii/S2211675312000061},

% GEOPHYSICS & HYDROLOGY

@incollection{Multilevel:Berliner1996,
author    = {Berliner, L.~M.},
title     = {Hierarchical {B}ayesian Time Series Models},
booktitle = {Maximum Entropy and Bayesian Methods},
series    = {Fundamental Theories of Physics},
editor    = {Hanson, K.~M. and Silver, R.~N.},
publisher = {Springer Netherlands},
year      = {1996},
number    = {79},
pages     = {15--22},
doi       = {10.1007/978-94-011-5430-7_3},
}

@article{Multilevel:Berliner2003:a,
author    = {Berliner, L.~M.},
title     = {Physical-statistical modeling in geophysics},
journal   = JournalofGeophysicalResearchAtmospheres,
year      = {2003},
volume    = {108},
number    = {D24},
pages     = {1--10},
eid       = {8776},
issn      = {2156-2202},
doi       = {10.1029/2002JD002865},
}
% journal   = {Journal of Geophysical Research: Atmospheres},

@article{Multilevel:Berliner2003:b,
author    = {Berliner, L.~M. and Milliff, R.~F. and Wikle, C.~K.},
title     = {{B}ayesian hierarchical modeling of air-sea interaction},
journal   = JournalofGeophysicalResearchOceans,
year      = {2003},
volume    = {108},
number    = {C4},
pages     = {1--18},
eid       = {3104},
issn      = {2156-2202},
doi       = {10.1029/2002JC001413},
}
% journal   = {Journal of Geophysical Research: Oceans},

@article{Multilevel:Wikle2001,
author    = {Wikle, C.~K. and Milliff, R.~F. and Nychka, D. and Berliner, L.~M.},
title     = {Spatiotemporal Hierarchical {B}ayesian Modeling: {T}ropical Ocean Surface Winds},
journal   = JournaloftheAmericanStatisticalAssociation,
year      = {2001},
volume    = {96},
number    = {454},
pages     = {382--397},
issn      = {01621459},
doi       = {10.1198/016214501753168109},
publisher = {American Statistical Association},
}
% journal   = {Journal of the American Statistical Association},
% url       = {http://www.jstor.org/stable/2670277},

@article{Multilevel:Wikle2013,
author    = {Wikle, C.~K. and Milliff, R.~F. and Herbei, R. and Leeds, W.~B.},
title     = {Modern Statistical Methods in Oceanography: {A} Hierarchical Perspective},
journal   = StatisticalScience,
year      = {2013},
volume    = {28},
number    = {4},
pages     = {466--486},
doi       = {10.1214/13-STS436},
publisher = {The Institute of Mathematical Statistics},
}
% journal   = {Statistical Science},

@article{Multilevel:Wainwright2014,
author    = {Wainwright, H.~M. and Chen, J. and Sassen, D.~S. and Hubbard, S.~S.},
title     = {{B}ayesian hierarchical approach and geophysical data sets for estimation of reactive facies over plume scales},
journal   = WaterResourcesResearch,
year      = {2014},
volume    = {50},
number    = {6},
pages     = {4564--4584},
issn      = {1944-7973},
doi       = {10.1002/2013WR013842},
}
% journal   = {Water Resources Research},

% METEOROLOGY & CLIMATOLOGY

@article{Multilevel:Geinitz2015,
author    = {Geinitz, S. and Furrer, R. and Sain, S.~R.},
title     = {{B}ayesian multilevel analysis of variance for relative comparison across sources of global climate model variability},
journal   = InternationalJournalofClimatology,
year      = {2015},
volume    = {35},
number    = {3},
pages     = {433--443},
issn      = {1097-0088},
doi       = {10.1002/joc.3991},
publisher = {John Wiley \& Sons, Ltd},
}
% journal   = {International Journal of Climatology},

@article{Multilevel:Li2014:a,
author    = {Li, M. and Liu, J. and Li, J. and Kim, B.~U.},
title     = {{B}ayesian modeling of multi-state hierarchical systems with multi-level information aggregation},
journal   = ReliabilityEngineeringSystemSafety,
year      = {2014},
volume    = {124},
pages     = {158--164},
issn      = {0951-8320},
doi       = {10.1016/j.ress.2013.12.001},
}
% journal   = {Reliability Engineering \& System Safety},
% url       = {http://www.sciencedirect.com/science/article/pii/S0951832013003141},

@article{Multilevel:Li2014:b,
author    = {Li, M. and Hu, Q. and Liu, J.},
title     = {Proportional hazard modeling for hierarchical systems with multi-level information aggregation},
journal   = IIETransactions,
year      = {2014},
volume    = {46},
number    = {2},
pages     = {149--163},
doi       = {10.1080/0740817X.2013.772692},
}
% journal  = {IIE Transactions},

% OTHER INSTANCES

@article{Multilevel:Stegmueller2013,
author    = {Stegmueller, D.},
title     = {How Many Countries for Multilevel Modeling? {A} Comparison of Frequentist and {B}ayesian Approaches},
journal   = AmericanJournalofPoliticalScience,
year      = {2013},
volume    = {57},
number    = {3},
pages     = {748--761},
issn      = {1540-5907},
doi       = {10.1111/ajps.12001},
}
% journal   = {American Journal of Political Science},

@article{Multilevel:Shkedy2007,
author    = {Shkedy, Z. and Decin, L. and Molenberghs, G. and Aerts, C.},
title     = {Estimating stellar parameters from spectra using a hierarchical {B}ayesian approach},
journal   = MonthlyNoticesoftheRoyalAstronomicalSociety,
year      = {2007},
volume    = {377},
number    = {1},
pages     = {120--132},
doi       = {10.1111/j.1365-2966.2007.11508.x},
}
% journal   = {Monthly Notices of the Royal Astronomical Society},
% url       = {http://mnras.oxfordjournals.org/content/377/1/120.abstract},
% eprint    = {http://mnras.oxfordjournals.org/content/377/1/120.full.pdf+html},

@article{Multilevel:Soiaporn2013,
author    = {Soiaporn, K. and Chernoff, D. and Loredo, T. and Ruppert, D. and Wasserman, I.},
title     = {Multilevel {B}ayesian framework for modeling the production, propagation and detection of ultra-high energy cosmic rays},
journal   = TheAnnalsofAppliedStatistics,
year      = {2013},
volume    = {7},
number    = {3},
pages     = {1249--1285},
doi       = {10.1214/13-AOAS654},
publisher = {The Institute of Mathematical Statistics},
}
% journal   = {The Annals of Applied Statistics},

@article{Multilevel:Silva2011,
author    = {da Silva, A.~R.~F.},
title     = {A {B}ayesian multilevel model for {fMRI} data analysis},
journal   = ComputerMethodsandProgramsinBiomedicine,
year      = {2011},
volume    = {102},
number    = {3},
pages     = {238--252},
issn      = {0169-2607},
doi       = {10.1016/j.cmpb.2010.05.003},
}
% journal   = {Computer Methods and Programs in Biomedicine},
% url       = {http://www.sciencedirect.com/science/article/pii/S0169260710001185},

@article{Multilevel:Pouillot2003,
author    = {Pouillot, R. and Albert, I. and Cornu, M. and Denis, J.-B.},
title     = {Estimation of uncertainty and variability in bacterial growth using {B}ayesian inference. {A}pplication to {L}isteria monocytogenes},
journal   = InternationalJournalofFoodMicrobiology,
year      = {2003},
volume    = {81},
number    = {2},
pages     = {87--104},
issn      = {0168-1605},
doi       = {10.1016/S0168-1605(02)00192-7},
}
% journal   = {International Journal of Food Microbiology},
% url       = {http://www.sciencedirect.com/science/article/pii/S0168160502001927},

@article{Multilevel:Ramin2013,
author    = {Ramin, M. and Arhonditsis, G.~B.},
title     = {{B}ayesian calibration of mathematical models: {O}ptimization of model structure and examination of the role of process error covariance},
journal   = EcologicalInformatics,
year      = {2013},
volume    = {18},
pages     = {107--116},
issn      = {1574-9541},
doi       = {10.1016/j.ecoinf.2013.07.001},
}
% journal   = {Ecological Informatics},
% url       = {http://www.sciencedirect.com/science/article/pii/S1574954113000666},

@article{Multilevel:Sillanpaa2008,
author    = {Sillanp\"{a}\"{a}, M.~J. and Noykova, N.},
title     = {Hierarchical modeling of clinical and expression quantitative trait loci},
journal   = Heredity,
year      = {2008},
volume    = {101},
pages     = {271--284},
doi       = {10.1038/hdy.2008.58},
publisher = {The Genetics Society},
}
% journal   = {Heredity},

@article{Multilevel:Trapp2012,
author    = {Trapp, A. and Dixon, P. and Widrlechner, M.~P. and Kovach, D.~A.},
title     = {Scheduling Viability Tests for Seeds in Long-Term Storage Based on a {B}ayesian Multi-Level Model},
journal   = JournalofAgriculturalBiologicalandEnvironmentalStatistics,
year      = {2012},
volume    = {17},
number    = {2},
pages     = {192--208},
issn      = {1085-7117},
doi       = {10.1007/s13253-012-0085-y},
publisher = {Springer-Verlag},
}
% journal   = {Journal of Agricultural, Biological, and Environmental Statistics},


%%%%%%%%%%%%%%%%%%%%%%
% BORROWING STRENGTH %
%%%%%%%%%%%%%%%%%%%%%%

@book{Multilevel:Draper1992,
author    = {Draper, D. and Gaver, D.~P. and Goel, P.~K. and Greenhouse, J.~B. and Hedges, L.~V. and Morris, C.~N. and Waternaux, C.~M.},
title     = {Combining Information: Statistical Issues and Opportunities for Research},
publisher = {Panel on Statistical Issues and Opportunities for Research in the Combination of Information,
             Committee on Applied and Theoretical Statistics,
             Board on Mathematical Sciences,
             Commission on Physical Sciences, Mathematics, and Applications,
             National Research Council},
address   = {Washington, D.C., USA},
year      = {1992},
}
% publisher = {National Academy Press},
% series    = {Panel on Statistical Issues and Opportunities for Research in the Combination of Information},

@article{Multilevel:Morris2012,
author    = {Morris, C.~N. and Lysy, M.},
title     = {Shrinkage Estimation in Multilevel Normal Models},
journal   = StatisticalScience,
year      = {2012},
volume    = {27},
number    = {1},
pages     = {115--134},
doi       = {10.1214/11-STS363},
publisher = {The Institute of Mathematical Statistics},
}
% journal   = {Statistical Science},

@article{Multilevel:Riebler2012,
author    = {Riebler, A. and Held, L. and Rue, H.},
title     = {Estimation and extrapolation of time trends in registry data -- {B}orrowing strength from related populations},
journal   = TheAnnalsofAppliedStatistics,
year      = {2012},
volume    = {6},
number    = {1},
pages     = {304--333},
doi       = {10.1214/11-AOAS498},
publisher = {The Institute of Mathematical Statistics},
}
% journal   = {The Annals of Applied Statistics},

@article{Multilevel:Wit2012,
author    = {Wit, E.~C. and Bakewell, D.~J.~G.},
title     = {Borrowing strength: a likelihood ratio test for related sparse signals},
journal   = Bioinformatics,
year      = {2012},
volume    = {28},
number    = {15},
pages     = {1980--1989},
doi       = {10.1093/bioinformatics/bts316},
}
% journal   = {Bioinformatics},
% url       = {http://bioinformatics.oxfordjournals.org/content/28/15/1980.abstract},
% eprint    = {http://bioinformatics.oxfordjournals.org/content/28/15/1980.full.pdf+html},


%%%%%%%%%%%%%%%%%%%%%%%
% RE-PARAMETRIZATIONS %
%%%%%%%%%%%%%%%%%%%%%%%

@article{Multilevel:Papaspiliopoulos2007,
author    = {Papaspiliopoulos, O. and Roberts, G.~O. and Sk\"{o}ld, M.},
title     = {A General Framework for the Parametrization of Hierarchical Models},
journal   = StatisticalScience,
year      = {2007},
volume    = {22},
number    = {1},
pages     = {59--73},
doi       = {10.1214/088342307000000014},
publisher = {The Institute of Mathematical Statistics},
}
% journal   = {Statistical Science},


%%%%%%%%%%%%%%%%%%%
% EXCHANGEABILITY %
%%%%%%%%%%%%%%%%%%%

@article{Multilevel:Bernardo1996,
author    = {Bernardo, J.~M.},
title     = {The Concept of Exchangeability and its Applications},
journal   = FarEastJournalofMathematicalSciences,
year      = {1996},
pages     = {111--121},
volume    = {4},
}
% journal   = {Far East Journal of Mathematical Sciences},

@article{Multilevel:Draper1993,
author    = {Draper, D. and Hodges, J.~S. and Mallows, C.~L. and Pregibon, D.},
title     = {Exchangeability and Data Analysis},
journal   = JournaloftheRoyalStatisticalSocietySeriesAStatisticsinSociety,
year      = {1993},
volume    = {156},
number    = {1},
pages     = {9--37},
issn      = {09641998},
doi       = {10.2307/2982858},
publisher = {Wiley for the Royal Statistical Society},
}
% journal   = {Journal of the Royal Statistical Society. Series A (Statistics in Society)},
% url       = {http://www.jstor.org/stable/2982858},

@incollection{Multilevel:Hoff2009,
author    = {Hoff, P.~D.},
title     = {Belief, probability and exchangeability},
series    = {Springer Texts in Statistics},
booktitle = {A First Course in {B}ayesian Statistical Methods},
pages     = {13--30},
year      = {2009},
publisher = {Springer},
address   = {New York},
doi       = {10.1007/978-0-387-92407-6_2},
}

@incollection{Multilevel:Aldous1985,
author    = {Aldous, D.~J.},
title     = {Exchangeability and related topics},
booktitle = {\'{E}cole d'\'{E}t\'{e} de Probabilit\'{e}s de Saint-Flour XIII -- 1983},
editor    = {Hennequin, P.~L.},
year      = {1985},
series    = {Lecture Notes in Mathematics},
number    = {1117},
pages     = {1--198},
publisher = {Springer Berlin Heidelberg},
doi       = {10.1007/BFb0099421},
}

@article{Multilevel:2006,
author    = {Kerns, G.~J. and Sz\'{e}kely, G.~J.},
title     = {{D}efinetti's Theorem for Abstract Finite Exchangeable Sequences},
journal   = JournalofTheoreticalProbability,
year      = {2006},
volume    = {19},
number    = {3},
pages     = {589--608},
issn      = {0894-9840},
doi       = {10.1007/s10959-006-0028-z},
publisher = {Kluwer Academic Publishers-Plenum Publishers},
}
% journal   = {Journal of Theoretical Probability},

@article{Multilevel:Hernan2012,
author    = {Hern\'{a}n, M.~A.},
title     = {Beyond exchangeability: {T}he other conditions for causal inference in medical research},
journal   = StatisticalMethodsinMedicalResearch,
year      = {2012},
volume    = {21},
number    = {1},
pages     = {3--5},
doi       = {10.1177/0962280211398037},
}
% journal   = {Statistical Methods in Medical Research},
% url       = {http://smm.sagepub.com/content/21/1/3.short},
% eprint    = {http://smm.sagepub.com/content/21/1/3.full.pdf+html},

@article{Multilevel:ONeill2009,
author    = {O'Neill, B.},
title     = {Exchangeability, Correlation, and {B}ayes' Effect},
journal   = InternationalStatisticalReview,
year      = {2009},
volume    = {77},
number    = {2},
pages     = {241--250},
issn      = {1751-5823},
doi       = {10.1111/j.1751-5823.2008.00059.x},
publisher = {Blackwell Publishing Ltd.},
}
% journal   = {International Statistical Review},


%%%%%%%%%%%%%%%%%%%%%%%%%%%
% PARTIAL EXCHANGEABILITY %
%%%%%%%%%%%%%%%%%%%%%%%%%%%

@article{Multilevel:Ghosh2002,
author    = {Ghosh, M. and Kim, D.~H.},
title     = {Robust {B}ayesian analysis with partially exchangeable priors},
journal   = JournalofStatisticalPlanningandInference,
year      = {2002},
volume    = {102},
number    = {1},
pages     = {99--107},
issn      = {0378-3758},
doi       = {10.1016/S0378-3758(01)00174-4},
}
% journal   = {Journal of Statistical Planning and Inference},
% url       = {http://www.sciencedirect.com/science/article/pii/S0378375801001744},

@article{Multilevel:Ivanoff1996,
author    = {Ivanoff, B.~G. and Weber, N.~C.},
title     = {Some characterizations of partial exchangeability},
journal   = JournaloftheAustralianMathematicalSocietySeriesA,
year      = {1996},
volume    = {61},
number    = {03},
pages     = {345--359},
issn      = {1446-8107},
doi       = {10.1017/S1446788700000422},
}
% journal   = {Journal of the Australian Mathematical Society (Series A)},
% url       = {http://journals.cambridge.org/article_S1446788700000422},

@article{Multilevel:Plato1981,
author    = {von Plato, J.},
title     = {On partial exchangeability as a generalization of symmetry principles},
journal   = Erkenntnis,
year      = {1981},
volume    = {16},
number    = {1},
pages     = {53--59},
issn      = {0165-0106},
doi       = {10.1007/BF00219642},
publisher = {Kluwer Academic Publishers},
}
% journal   = {Erkenntnis},

@article{Multilevel:Plato1991,
author    = {von Plato, J.},
title     = {Finite partial exchangeability},
journal   = StatisticsProbabilityLetters,
year      = {1991},
volume    = {11},
number    = {2},
pages     = {99--102},
issn      = {0167-7152},
doi       = {10.1016/0167-7152(91)90124-A},
}
% journal   = {Statistics \& Probability Letters},
% url       = {http://www.sciencedirect.com/science/article/pii/016771529190124A},


%%%%%%%%%%%%%%%%%%%%%%%%%%%%%%%%%%%%%%%%%%%%
% HYPERPRIORS ON SCALE/VARIANCE PARAMETERS %
%%%%%%%%%%%%%%%%%%%%%%%%%%%%%%%%%%%%%%%%%%%%

@article{Multilevel:Berger1996,
author    = {Berger, J.~O. and Strawderman, W.~E.},
title     = {Choice of hierarchical priors: admissibility in estimation of normal means},
journal   = TheAnnalsofStatistics,
year      = {1996},
volume    = {24},
number    = {3},
pages     = {931--951},
doi       = {10.1214/aos/1032526950},
publisher = {The Institute of Mathematical Statistics},
}
% journal   = {The Annals of Statistics},

@article{Multilevel:Browne2006,
author    = {Browne, W.~J. and Draper, D.},
title     = {A comparison of {B}ayesian and likelihood-based methods for fitting multilevel models},
journal   = BayesianAnalysis,
year      = {2006},
volume    = {1},
number    = {3},
pages     = {473--514},
doi       = {10.1214/06-BA117},
}
% journal   = {Bayesian Analysis},

@article{Multilevel:Gelman2006:b,
author    = {Gelman, A.},
title     = {Prior distributions for variance parameters in hierarchical models ({C}omment on Article by {B}rowne and {D}raper)},
journal   = BayesianAnalysis,
year      = {2006},
volume    = {1},
number    = {3},
pages     = {515--534},
doi       = {10.1214/06-BA117A},
}
% journal   = {Bayesian Analysis},

@article{Multilevel:Gustafson2006,
author    = {Gustafson, P. and Hossain, S. and Macnab, Y.~C.},
title     = {Conservative prior distributions for variance parameters in hierarchical models},
journal   = CanadianJournalofStatistics,
year      = {2006},
volume    = {34},
number    = {3},
pages     = {377--390},
issn      = {1708-945X},
doi       = {10.1002/cjs.5550340302},
publisher = {Wiley-Blackwell},
}
% journal   = {Canadian Journal of Statistics},

@article{Multilevel:Daniels1999,
author    = {Daniels, M.~J.},
title     = {A prior for the variance in hierarchical models},
journal   = CanadianJournalofStatistics,
year      = {1999},
volume    = {27},
number    = {3},
pages     = {567--578},
issn      = {1708-945X},
doi       = {10.2307/3316112},
publisher = {Wiley-Blackwell},
}
% journal   = {Canadian Journal of Statistics},

@article{Multilevel:Berger2005,
author    = {Berger, J.~O. and Strawderman, W. and Tang, D.},
title     = {Posterior Propriety and Admissibility of Hyperpriors in Normal Hierarchical Models},
journal   = TheAnnalsofStatistics,
year      = {2005},
volume    = {33},
number    = {2},
pages     = {606--646},
doi       = {10.1214/009053605000000075},
publisher = {The Institute of Mathematical Statistics},
}
% journal   = {The Annals of Statistics},


%%%%%%%%%%%%%%%%%%%
% MARGINALIZATION %
%%%%%%%%%%%%%%%%%%%

@article{Multilevel:Heagerty2000,
author    = {Heagerty, P.~J. and Zeger, S.~L.},
title     = {Marginalized multilevel models and likelihood inference},
journal   = StatisticalScience,
year      = {2000},
volume    = {15},
number    = {1},
pages     = {1--26},
doi       = {10.1214/ss/1009212671},
publisher = {The Institute of Mathematical Statistics},
}
% journal   = {Statistical Science},


%%%%%%%%%%%%%%%%%%%%%%%%
% LIKELIHOOD INFERENCE %
%%%%%%%%%%%%%%%%%%%%%%%%

@article{Multilevel:Lee2009,
author    = {Lee, Y. and Nelder, J.~A.},
title     = {Likelihood Inference for Models with Unobservables: {A}nother View},
journal   = StatisticalScience,
year      = {2009},
volume    = {24},
number    = {3},
pages     = {255--269},
doi       = {10.1214/09-STS277},
publisher = {The Institute of Mathematical Statistics},
}
% journal   = {Statistical Science},


%%%%%%%%%%%%%%%%%%%%%
% MEASUREMENT ERROR %
%%%%%%%%%%%%%%%%%%%%%

@article{Multilevel:Woodhouse1996,
author    = {Woodhouse, G. and Yang, M. and Goldstein, H. and Rasbash, J.},
title     = {Adjusting for Measurement Error in Multilevel Analysis},
journal   = JournaloftheRoyalStatisticalSocietySeriesAStatisticsinSociety,
year      = {1996},
volume    = {159},
number    = {2},
pages     = {201--212},
issn      = {09641998},
doi       = {10.2307/2983168},
publisher = {Wiley for the Royal Statistical Society},
}
% journal   = {Journal of the Royal Statistical Society. Series A (Statistics in Society)},
% url       = {http://www.jstor.org/stable/2983168},

@article{Multilevel:Degracie1972,
author    = {Degracie, J.~S. and Fuller, W.~A.},
title     = {Estimation of the Slope and Analysis of Covariance when the Concomitant Variable is Measured with Error},
journal   = JournaloftheAmericanStatisticalAssociation,
year      = {1972},
volume    = {67},
number    = {340},
pages     = {930--937},
issn      = {01621459},
doi       = {10.1080/01621459.1972.10481321},
publisher = {American Statistical Association},
}
% journal   = {Journal of the American Statistical Association},
% doi       = {10.2307/2284665},
% url       = {http://www.jstor.org/stable/2284665},

@article{Multilevel:Goldstein2008,
author    = {Goldstein, H. and Kounali, D. and Robinson, A.},
title     = {Modelling measurement errors and category misclassifications in multilevel models},
journal   = StatisticalModelling,
year      = {2008},
volume    = {8},
number    = {3},
pages     = {243--261},
doi       = {10.1177/1471082X0800800302},
}
% journal   = {Statistical Modelling},
% url       = {http://smj.sagepub.com/content/8/3/243.abstract},
% eprint    = {http://smj.sagepub.com/content/8/3/243.full.pdf+html},

@article{Multilevel:Battauz2011,
author    = {Battauz, M. and Bellio, R. and Gori, E.},
title     = {Covariate Measurement Error Adjustment for Multilevel Models With Application to Educational Data},
journal   = JournalofEducationalandBehavioralStatistics,
year      = {2011},
volume    = {36},
number    = {3},
pages     = {283--306},
doi       = {10.3102/1076998610366262},
}
% journal   = {Journal of Educational and Behavioral Statistics},
% url       = {http://jeb.sagepub.com/content/36/3/283.abstract},
% eprint    = {http://jeb.sagepub.com/content/36/3/283.full.pdf+html},

@article{Multilevel:Hernandez2011,
author    = {Espino-Hernandez, G. and Gustafson, P. and Burstyn, I.},
title     = {{B}ayesian adjustment for measurement error in continuous exposures in an individually matched case-control study},
journal   = BMCMedicalResearchMethodology,
year      = {2011},
volume    = {11},
number    = {1},
pages     = {1--11},
doi       = {10.1186/1471-2288-11-67},
publisher = {BioMed Central},
}
% journal   = {BMC Medical Research Methodology},


%%%%%%%%%%%%%%%%%%
% MODEL CHECKING %
%%%%%%%%%%%%%%%%%%

@article{Multilevel:Bayarri2007,
author    = {Bayarri, M.~J. and Castellanos, M.~E.},
title     = {{B}ayesian Checking of the Second Levels of Hierarchical Models},
journal   = StatisticalScience,
year      = {2007},
volume    = {22},
number    = {3},
pages     = {322--343},
doi       = {10.1214/07-STS235},
publisher = {The Institute of Mathematical Statistics},
}
% journal   = {Statistical Science},


%%%%%%%%%%%%%%
% PHILOSOPHY %
%%%%%%%%%%%%%%

@article{Multilevel:Henderson2010,
author    = {Henderson, L. and Goodman, N.~D. and Tenenbaum, J.~B. and Woodward, J.~F.},
title     = {The Structure and Dynamics of Scientific Theories: {A} Hierarchical {B}ayesian Perspective},
journal   = PhilosophyofScience,
year      = {2010},
volume    = {77},
number    = {2},
pages     = {172--200},
issn      = {00318248},
doi       = {10.1086/651319},
publisher = {The University of Chicago Press on behalf of the Philosophy of Science Association},
}
% journal   = {Philosophy of Science},
% url       = {http://www.jstor.org/stable/10.1086/651319},


%%%%%%%%%%%%%%%%%%%%%%%%%%%%%%%%%%
% HIERARCHICAL & EMPIRICAL BAYES %
%%%%%%%%%%%%%%%%%%%%%%%%%%%%%%%%%%

@article{Multilevel:Carlin2000,
author    = {Carlin, B.~P. and Louis, T.~A.},
title     = {Empirical {B}ayes: {P}ast, Present and Future},
journal   = JournaloftheAmericanStatisticalAssociation,
year      = {2000},
volume    = {95},
number    = {452},
pages     = {1286--1289},
doi       = {10.1080/01621459.2000.10474331},
}
% journal   = {Journal of the American Statistical Association},
% url       = {http://www.tandfonline.com/doi/abs/10.1080/01621459.2000.10474331},
% eprint    = {http://www.tandfonline.com/doi/pdf/10.1080/01621459.2000.10474331},

@article{Multilevel:Malinverno2004,
author    = {Malinverno, A. and Briggs, V.~A.},
title     = {Expanded uncertainty quantification in inverse problems: {H}ierarchical {B}ayes and empirical {B}ayes},
journal   = Geophysics,
year      = {2004},
volume    = {69},
number    = {4},
pages     = {1005--1016},
doi       = {10.1190/1.1778243},
}
% journal   = {Geophysics},
% url       = {http://geophysics.geoscienceworld.org/content/69/4/1005.abstract},
% eprint    = {http://geophysics.geoscienceworld.org/content/69/4/1005.full.pdf+html},

@article{Multilevel:Yan2009,
author    = {Yan, L. and Yang, F. and Fu, C.},
title     = {A {B}ayesian inference approach to identify a {R}obin coefficient in one-dimensional parabolic problems},
journal   = JournalofComputationalandAppliedMathematics,
year      = {2009},
volume    = {231},
number    = {2},
pages     = {840--850},
issn      = {0377-0427},
doi       = {10.1016/j.cam.2009.05.007},
}
% journal   = {Journal of Computational and Applied Mathematics},
% url       = {http://www.sciencedirect.com/science/article/pii/S0377042709003033},

@article{Multilevel:Han2013,
author    = {Han, S.~L. and Kinoshita, T.},
title     = {Application of stochastic inverse theory to marine hydrodynamics},
journal   = JournalofMarineScienceandTechnology,
year      = {2013},
volume    = {18},
number    = {1},
pages     = {32--41},
issn      = {0948-4280},
doi       = {10.1007/s00773-012-0194-x},
publisher = {Springer Japan},
}
% journal   = {Journal of Marine Science and Technology},

@article{Multilevel:Ganesan2013,
author    = {Ganesan, A.~L. and Rigby, M. and Zammit-Mangion, A. and Manning, A.~J. and Prinn, R.~G. and Fraser, P.~J. and Harth, C.~M. and Kim, K.-R. and
             Krummel, P.~B. and Li, S. and M\"uhle, J. and O'Doherty, S.~J. and Park, S. and Salameh, P.~K. and Steele, L.~P. and Weiss, R.~F.},
title     = {Characterization of uncertainties in atmospheric trace gas inversions using hierarchical {B}ayesian methods},
journal   = AtmosphericChemistryandPhysicsDiscussions,
year      = {2013},
volume    = {13},
number    = {12},
pages     = {33403--33431},
doi       = {10.5194/acpd-13-33403-2013},
}
% journal   = {Atmospheric Chemistry and Physics Discussions},
% url       = {http://www.atmos-chem-phys-discuss.net/13/33403/2013/},

@article{Multilevel:Ganesan2014,
author    = {Ganesan, A.~L. and Rigby, M. and Zammit-Mangion, A. and Manning, A.~J. and Prinn, R.~G. and Fraser, P.~J. and Harth, C.~M. and Kim, K.-R. and
             Krummel, P.~B. and Li, S. and M\"uhle, J. and O'Doherty, S.~J. and Park, S. and Salameh, P.~K. and Steele, L.~P. and Weiss, R.~F.},
title     = {Characterization of uncertainties in atmospheric trace gas inversions using hierarchical {B}ayesian methods},
journal   = AtmosphericChemistryandPhysics,
year      = {2014},
volume    = {14},
number    = {8},
pages     = {3855--3864},
doi       = {10.5194/acp-14-3855-2014},
}
% journal   = {Atmospheric Chemistry and Physics},
% url       = {http://www.atmos-chem-phys.net/14/3855/2014/},

@article{Multilevel:Mondal2014,
author    = {Mondal, A. and Mallick, B. and Efendiev, Y. and Datta-Gupta, A.},
title     = {{B}ayesian Uncertainty Quantification for Subsurface Inversion Using a Multiscale Hierarchical Model},
journal   = Technometrics,
year      = {2014},
volume    = {56},
number    = {3},
pages     = {381--392},
doi       = {10.1080/00401706.2013.838190},
}
% journal   = {Technometrics},


%%%%%%%%%%%%%%%
% ENGINEERING %
%%%%%%%%%%%%%%%

% MARC MAES

@article{Multilevel:Maes2007:a,
author    = {Maes, M.~A and Dann, M.},
title     = {Hierarchical {B}ayes methods for systems with spatially varying condition states},
journal   = CanadianJournalofCivilEngineering,
year      = {2007},
volume    = {34},
number    = {10},
pages     = {1289--1298},
doi       = {10.1139/l07-049},
}
% journal   = {Canadian Journal of Civil Engineering},

@article{Multilevel:Maes2007:b,
author    = {Maes, M.~A. and Dann, M.},
title     = {A comparison of one-stage and two-stage {B}ayesian processes in engineering decision-making},
journal   = CivilEngineeringandEnvironmentalSystems,
year      = {2007},
volume    = {24},
number    = {2},
pages     = {123--137},
doi       = {10.1080/10286600601159180},
}
% journal   = {Civil Engineering and Environmental Systems},

@inproceedings{Multilevel:Maes2008,
author    = {Maes, M.~A. and Dann, M.~R. and Breitung, K.~W. and Brehm, E.},
title     = {Hierarchical modelling of stochastic deterioration},
booktitle = {6th International Probabilistic Workshop (32. Darmst\"{a}dter Massivbauseminar)},
year      = {2008},
month     = nov#{~26-27},
address   = {Darmstadt, Germany},
}

@article{Multilevel:Maes2011,
author    = {Maes, M.~A. and Dann, M.~R.},
title     = {Assessing global change when data are sparse},
journal   = InternationalJournalofRiskAssessmentandManagement,
year      = {2011},
volume    = {15},
number    = {4},
pages     = {349--363},
doi       = {10.1504/IJRAM.2011.042673},
}
% journal   = {International Journal of Risk Assessment and Management},
% url       = {http://www.inderscienceonline.com/doi/abs/10.1504/IJRAM.2011.042673},
% eprint    = {http://www.inderscienceonline.com/doi/pdf/10.1504/IJRAM.2011.042673},

% SANKARAN MAHADEVAN

@article{Multilevel:Jiang2009:a,
author    = {Jiang, X. and Mahadevan, S.},
title     = {{B}ayesian structural equation modeling method for hierarchical model validation},
journal   = ReliabilityEngineeringSystemSafety,
year      = {2009},
volume    = {94},
number    = {4},
pages     = {796--809},
issn      = {0951-8320},
doi       = {10.1016/j.ress.2008.08.008},
}
% journal   = {Reliability Engineering \& System Safety},
% url       = {http://www.sciencedirect.com/science/article/pii/S0951832008002172},

@article{Multilevel:Jiang2009:b,
author    = {Jiang, X. and Mahadevan, S.},
title     = {{B}ayesian hierarchical uncertainty quantification by structural equation modeling},
journal   = InternationalJournalforNumericalMethodsinEngineering,
year      = {2009},
volume    = {80},
number    = {6--7},
pages     = {717--737},
issn      = {1097-0207},
doi       = {10.1002/nme.2550},
publisher = {John Wiley \& Sons, Ltd.},
}
% journal   = {International Journal for Numerical Methods in Engineering},

@article{Multilevel:Jiang2010,
author    = {Jiang, X. and Mahadevan, S. and Urbina, A.},
title     = {{B}ayesian nonlinear structural equation modeling for hierarchical validation of dynamical systems},
journal   = MechanicalSystemsandSignalProcessing,
year      = {2010},
volume    = {24},
number    = {4},
pages     = {957--975},
issn      = {0888-3270},
doi       = {10.1016/j.ymssp.2009.10.002},
}
% journal   = {Mechanical Systems and Signal Processing},
% url       = {http://www.sciencedirect.com/science/article/pii/S0888327009003148},

@incollection{Multilevel:Sankararaman2012,
author    = {Sankararaman, S. and McLemore, K. and Mahadevan, S.},
title     = {{B}ayesian Methods for Uncertainty Quantification in Multi-level Systems},
year      = {2012},
booktitle = {Topics in Model Validation and Uncertainty Quantification, Volume 4},
series    = {Conference Proceedings of the Society for Experimental Mechanics Series},
pages     = {67--74},
publisher = {Springer},
address   = {New York},
editor    = {Simmermacher, T. and Cogan, S. and Horta, L.~G. and Barthorpe, R.},
doi       = {10.1007/978-1-4614-2431-4_7},
}

@article{Multilevel:Sankararaman2013,
author    = {Sankararaman, S. and McLemore, K. and Mahadevan, S. and Bradford, S.~C. and Peterson, L.~D.},
title     = {Test resource allocation in hierarchical systems using {B}ayesian networks},
journal   = AIAAJournal,
year      = {2013},
volume    = {51},
number    = {3},
pages     = {537--550},
issn      = {0001-1452},
doi       = {10.2514/1.J051542},
publisher = {American Institute of Aeronautics and Astronautics (AIAA)},
}
% journal   = {AIAA Journal},

@article{Multilevel:Mullins2016,
author    = {Mullins, J. and Mahadevan, S.},
title     = {{B}ayesian Uncertainty Integration for Model Calibration, Validation, and Prediction},
journal   = JournalofVerificationValidationandUncertaintyQuantification,
year      = {2016},
volume    = {1},
number    = {1},
pages     = {1--10},
eid       = {011006},
issn      = {2377-2158},
doi       = {10.1115/1.4032371},
}
% journal   = {Journal of Verification, Validation and Uncertainty Quantification},

% ALL OTHERS

@incollection{Multilevel:Singh2013,
author    = {Singh, M.~K. and Venkatachalam, P.},
title     = {Efficient Implementation of {B}ayesian Hierarchical Model to Study Space Time Variability of Latent Heat Flux},
booktitle = {Computational Science and Its Applications -- ICCSA 2013},
editor    = {Murgante, B. and Misra, S. and Carlini, M. and Torre, C.~M. and Nguyen, H.-Q. and Taniar, D. and Apduhan, B.~O. and Gervasi, O.},
series    = {Lecture Notes in Computer Science},
number    = {7974},
publisher = {Springer Berlin Heidelberg},
year      = {2013},
pages     = {33--44},
doi       = {10.1007/978-3-642-39649-6_3},
}

@inproceedings{Multilevel:Ballesteros2014:Conf,
author    = {Ballesteros, G.~C. and Angelikopoulos, P. and Papadimitriou, C. and Koumoutsakos, P.},
title     = {{B}ayesian Hierarchical Models for Uncertainty Quantification in Structural Dynamics},
booktitle = {ASCE-ICVRAM-ISUMA 2014},
year      = {2014},
month     = jul#{~13-16},
address   = {Liverpool, UK},
doi       = {10.1061/9780784413609.162},
}

@incollection{Multilevel:Ballesteros2014:Proc,
author    = {Ballesteros, G.~C. and Angelikopoulos, P. and Papadimitriou, C. and Koumoutsakos, P.},
title     = {{B}ayesian Hierarchical Models for Uncertainty Quantification in Structural Dynamics},
booktitle = {2nd International Conference on Vulnerability and Risk Analysis and Management and 6th International Symposium on Uncertainty Modeling and Analysis (ICVRAM \& ISUMA 2014)},
editor    = {Beer, M. and Au, S.-K. and Hall, J.~W.},
publisher = {American Society of Civil Engineers (ASCE)},
address   = {Reston, Virginia, USA},
year      = {2014},
chapter   = {162},
pages     = {1615--1624},
doi       = {10.1061/9780784413609.162},
}
% booktitle = {Vulnerability, Uncertainty, and Risk: Quantification, Mitigation, and Management},
% url       = {http://ascelibrary.org/doi/abs/10.1061/9780784413609.162},
% eprint    = {http://ascelibrary.org/doi/pdf/10.1061/9780784413609.162},

@phdthesis{Multilevel:Fu2012,
author    = {Fu, S.},
title     = {Inversion probabiliste {B}ay\'{e}sienne en analyse d'incertitude},
year      = {2012},
school    = {Universite\'{e} Paris-Sud, Faculte\'{e} des Sciences d'Orsay},
type      = {{PhD} thesis},
}

@article{Multilevel:Fu2015,
author    = {Fu, S. and Celeux, G. and Bousquet, N. and Couplet, M.},
title     = {{B}ayesian Inference for Inverse Problems Occurring in Uncertainty Analysis},
journal   = InternationalJournalforUncertaintyQuantification,
year      = {2015},
volume    = {5},
number    = {1},
pages     = {73--98},
issn      = {2152-5080},
doi       = {10.1615/Int.J.UncertaintyQuantification.2014011073},
}
% journal = {International Journal for Uncertainty Quantification},

@article{Multilevel:Huang2015,
author    = {Huang, Y. and Beck, J.~L.},
title     = {Hierarchical Sparse {B}ayesian Learning for Structural Health Monitoring with Incomplete Modal Data},
journal   = InternationalJournalforUncertaintyQuantification,
year      = {2015},
volume    = {5},
number    = {2},
pages     = {139--169},
issn      = {2152-5080},
doi       = {10.1615/Int.J.UncertaintyQuantification.2015011808},
}
% journal = {International Journal for Uncertainty Quantification},

@article{Multilevel:Behmanesh2015,
author    = {Behmanesh, I. and Moaveni, B. and Lombaert, G. and Papadimitriou, C.},
title     = {Hierarchical {B}ayesian model updating for structural identification},
journal   = MechanicalSystemsandSignalProcessing,
year      = {2015},
volume    = {64--65},
pages     = {360--376},
issn      = {0888-3270},
doi       = {10.1016/j.ymssp.2015.03.026},
}
% journal   = {Mechanical Systems and Signal Processing},
% url       = {http://www.sciencedirect.com/science/article/pii/S0888327015001545},

@article{Multilevel:Behmanesh2016,
author    = {Behmanesh, I. and Moaveni, B.},
title     = {Accounting for environmental variability, modeling errors, and parameter estimation uncertainties in structural identification},
journal   = JournalofSoundandVibration,
year      = {2016},
volume    = {374},
pages     = {92--110},
issn      = {0022-460X},
doi       = {10.1016/j.jsv.2016.03.022},
}
% journal   = {Journal of Sound and Vibration},
% url       = {http://www.sciencedirect.com/science/article/pii/S0022460X16002698},

@article{Multilevel:Wu2015,
author    = {Wu, S. and Angelikopoulos, P. and Papadimitriou, C. and Moser, R. and Koumoutsakos, P.},
title     = {A hierarchical {B}ayesian framework for force field selection in molecular dynamics simulations},
journal   = PhilosophicalTransactionsoftheRoyalSocietyofLondonA,
year      = {2015},
volume    = {374},
number    = {2060},
pages     = {1--23},
eid       = {20150032},
issn      = {1364-503X},
doi       = {10.1098/rsta.2015.0032},
publisher = {The Royal Society},
}
% journal   = {Philosophical Transactions of the Royal Society of London A: Mathematical, Physical and Engineering Sciences}

@article{Multilevel:Wu2016,
author    = {Wu, S. and Angelikopoulos, P. and Tauriello, G. and Papadimitriou, C. and Koumoutsakos, P.},
title     = {Fusing heterogeneous data for the calibration of molecular dynamics force fields using hierarchical {B}ayesian models},
journal   = TheJournalofChemicalPhysics,
year      = {2016},
volume    = {145},
number    = {24},
pages     = {1--13},
eid       = {244112},
doi       = {10.1063/1.4967956},
}
% journal   = {The Journal of Chemical Physics},

@article{Bayesian:Memarzadeh2016,
author    = {Memarzadeh, M. and Pozzi, M. and Kolter, J.~Z.},
title     = {Hierarchical modeling of systems with similar components: {A} framework for adaptive monitoring and control},
journal   = ReliabilityEngineeringSystemSafety,
year      = {2016},
volume    = {153},
pages     = {159--169},
issn      = {0951-8320},
doi       = {10.1016/j.ress.2016.04.016},
}
% journal   = {Reliability Engineering \& System Safety},
% url       = {http://www.sciencedirect.com/science/article/pii/S0951832016300448},

