
%%%%%%%%%%%%%%%%%%%%
% MACHINE LEARNING %
%%%%%%%%%%%%%%%%%%%%

% BOOKS

@book{ML:Bishop2006,
author    = {Bishop, C.~M.},
title     = {Pattern Recognition and Machine Learning},
publisher = {Springer},
address   = {New York},
year      = {2006},
series    = {Information Science and Statistics},
}

@book{ML:Clarke2009,
author    = {Clarke, B. and Fokou\'{e}, E. and Zhang, H.~H.},
title     = {Principles and Theory for Data Mining and Machine Learning},
publisher = {Springer},
address   = {New York},
year      = {2009},
series    = {Springer Series in Statistics},
doi       = {10.1007/978-0-387-98135-2},
}

@book{ML:Murphy2012,
author    = {Murphy, K.~P.},
title     = {Machine Learning: A Probabilistic Perspective},
publisher = {The MIT Press},
address   = {Cambridge, Massachusetts, USA},
year      = {2012},
series    = {Adaptive Computation and Machine Learning Series},
}

@book{ML:Rogers2011,
author    = {Rogers, S. and Girolami, M.},
title     = {A First Course in Machine Learning},
publisher = {CRC Press},
address   = {Boca Raton, Florida, USA},
year      = {2011},
edition   = {1},
series    = {Machine Learning \& Pattern Recognition Series},
}

@book{ML:Rogers2016,
author    = {Rogers, S. and Girolami, M.},
title     = {A First Course in Machine Learning},
publisher = {CRC Press},
address   = {Boca Raton, Florida, USA},
year      = {2016},
edition   = {2},
series    = {Machine Learning \& Pattern Recognition Series},
}

@book{ML:Kubat2015,
author    = {Kubat, M.},
title     = {An Introduction to Machine Learning},
publisher = {Springer International Publishing},
address   = {Cham, Switzerland},
year      = {2015},
doi       = {10.1007/978-3-319-20010-1},
}


%%%%%%%%%%%%%%%%%%%%%%%%%%%%%
% ARTIFICIAL NEURAL NETWORK %
%%%%%%%%%%%%%%%%%%%%%%%%%%%%%

% BOOKS

@book{ML:Bishop1995,
author    = {Bishop, C.~M.},
title     = {Neural Networks for Pattern Recognition},
publisher = {Oxford University Press},
address   = {Oxford, UK},
year      = {1995},
series    = {Advanced Texts in Econometrics},
}
% publisher = {Clarendon Press},

@book{ML:Ripley1996,
author    = {Ripley, B.~D.},
title     = {Pattern Recognition and Neural Networks},
publisher = {Cambridge University Press},
address   = {Cambridge, UK},
year      = {1996},
doi       = {10.1017/CBO9780511812651},
}

@book{ML:Dreyfus2005,
author    = {Dreyfus, G.},
title     = {Neural Networks: Methodology and Applications},
publisher = {Springer-Verlag Berlin Heidelberg},
year      = {2005},
doi       = {10.1007/3-540-28847-3},
}

@book{ML:Dunne2007,
author    = {Dunne, R.~A.},
title     = {A Statistical Approach to Neural Networks for Pattern Recognition},
publisher = {John Wiley \& Sons, Inc.},
address   = {Hoboken, New Jersey, USA},
year      = {2007},
series    = {Wiley Series in Computational Statistics},
doi       = {10.1002/9780470148150},
}

@book{ML:Samarasinghe2007,
author    = {Samarasinghe, S.},
title     = {Neural Networks for Applied Sciences and Engineering: From Fundamentals to Complex Pattern Recognition},
publisher = {Auerbach Publications},
address   = {Boca Raton, Florida, USA},
year      = {2007},
doi       = {10.1201/9781420013061},
}

@book{ML:Haykin2009,
author    = {Haykin, S.},
title     = {Neural Networks and Learning Machines},
publisher = {Pearson Education, Inc.},
address   = {Upper Saddle River, New Jersey, USA},
year      = {2009},
edition   = {3},
}

@book{ML:Du2014,
author    = {Du, K.-L. and Swamy, M.~N.~S.},
title     = {Neural Networks and Statistical Learning},
publisher = {Springer-Verlag},
address   = {London, UK},
year      = {2014},
doi       = {10.1007/978-1-4471-5571-3},
}

% ARTICLES

@article{ML:Abdelbar2002,
author    = {Abdelbar, A.~M. and Attia, S. and Tagliarini, G.~A.},
title     = {A hybridization of {B}ayesian and neural learning},
journal   = Neurocomputing,
year      = {2002},
volume    = {48},
number    = {1--4},
pages     = {443--453},
issn      = {0925-2312},
doi       = {10.1016/S0925-2312(01)00608-7},
}
% journal   = {Neurocomputing},
% url       = {http://www.sciencedirect.com/science/article/pii/S0925231201006087},

% INVERSION

@article{ML:Raudensky1996,
author    = {Raudensk\'{y}, M. and Horsk\'{y}, J. and Krejsa, J. and Sl\'{a}ma, L.},
title     = {Usage of Artificial Intelligence Methods in Inverse Problems for Estimation of Material Parameters},
journal   = InternationalJournalofNumericalMethodsforHeatandFluidFlow,
year      = {1996},
volume    = {6},
number    = {8},
pages     = {19--29},
issn      = {0961-5539},
doi       = {10.1108/eb017555},
}
% journal   = {International Journal of Numerical Methods for Heat and Fluid Flow},

@article{ML:Balaji2010,
author    = {Balaji, C. and Padhi, T.},
title     = {A new {ANN} driven {MCMC} method for multi-parameter estimation in two-dimensional conduction with heat generation},
journal   = InternationalJournalofHeatandMassTransfer,
year      = {2010},
volume    = {53},
number    = {23--24},
pages     = {5440--5455},
issn      = {0017-9310},
doi       = {10.1016/j.ijheatmasstransfer.2010.05.064},
}
% journal   = {International Journal of Heat and Mass Transfer},
% url       = {http://www.sciencedirect.com/science/article/pii/S0017931010003807},

@article{ML:Hauser2012,
author    = {Hauser, T. and Keats, A. and Tarasov, L.},
title     = {Artificial neural network assisted {B}ayesian calibration of climate models},
journal   = ClimateDynamics,
year      = {2012},
volume    = {39},
number    = {1},
pages     = {137--154},
issn      = {1432-0894},
doi       = {10.1007/s00382-011-1168-0},
}
% journal   = {Climate Dynamics},

@article{ML:Mares2016,
author    = {Mare\v{s}, T. and Janouchov\'{a}, E. and Ku\v{c}erov\'{a}, A.},
title     = {Artificial neural networks in the calibration of nonlinear mechanical models},
journal   = AdvancesinEngineeringSoftware,
year      = {2016},
volume    = {95},
pages     = {68--81},
issn      = {0965-9978},
doi       = {10.1016/j.advengsoft.2016.01.017},
}
% journal   = {Advances in Engineering Software},
% url       = {http://www.sciencedirect.com/science/article/pii/S0965997816300254},


%%%%%%%%%%%%%%%%%%%%%%%%%%%
% SUPPORT VECTOR MACHINES %
%%%%%%%%%%%%%%%%%%%%%%%%%%%

@book{ML:Christmann2008,
author    = {Christmann, A. and Steinwart, I.},
title     = {Support Vector Machines},
publisher = {Springer},
address   = {New York},
year      = {2008},
series    = {Information Science and Statistics},
doi       = {10.1007/978-0-387-77242-4},
}

@book{ML:Abe2010,
author    = {Abe, S.},
title     = {Support Vector Machines for Pattern Classification},
publisher = {Springer-Verlag},
address   = {London, UK},
year      = {2010},
edition   = {2},
series    = {Advances in Pattern Recognition},
doi       = {10.1007/978-1-84996-098-4},
}

% SUPPORT VECTOR REGRESSION

@article{ML:Smola2004,
author    = {Smola, A.~J. and Sch\"{o}lkopf, B.},
title     = {A tutorial on support vector regression},
journal   = StatisticsandComputing,
year      = {2004},
volume    = {14},
number    = {3},
pages     = {199--222},
issn      = {1573-1375},
doi       = {10.1023/B:STCO.0000035301.49549.88},
}
% journal   = {Statistics and Computing},

% INVERSION

@article{ML:Toivonen2007,
author    = {Toivonen, H.~T. and T\"{o}tterman, S. and \AA{}kesson, B.},
title     = {Identification of state-dependent parameter models with support vector regression},
journal   = InternationalJournalofControl,
year      = {2007},
volume    = {80},
number    = {9},
pages     = {1454--1470},
doi       = {10.1080/00207170701378673},
}
% journal   = {International Journal of Control},

