

%%%%%%%%%
% BOOKS %
%%%%%%%%%

% KRIGING

@book{Kriging:Santner2003,
author    = {Santner, T.~J. and Williams, B.~J. and Notz, W.~I.},
title     = {The Design and Analysis of Computer Experiments},
publisher = {Springer},
address   = {New York},
year      = {2003},
series    = {Springer Series in Statistics},
doi       = {10.1007/978-1-4757-3799-8},
}

@book{Kriging:Fang2006,
author    = {Fang, K.-T. and Li, R. and Sudjianto, A.},
title     = {Design and Modeling for Computer Experiments},
publisher = {Chapman \& Hall/CRC},
address   = {Boca Raton, Florida, USA},
year      = {2006},
series    = {Computer Science and Data Analysis Series},
doi       = {10.1201/9781420034899},
}

@book{Kriging:Rasmussen2006,
author    = {Rasmussen, C.~E. and Williams, C.~K.~I.},
title     = {Gaussian Processes for Machine Learning},
publisher = {The MIT Press},
address   = {Cambridge, Massachusetts, USA},
year      = {2006},
series    = {Adaptive Computation and Machine Learning},
}
% url       = {http://www.gaussianprocess.org/gpml/},

@book{Kriging:Chiles1999,
author    = {Chil\`{e}s, J.-P. and Delfiner, P.},
title     = {Geostatistics: Modeling Spatial Uncertainty},
publisher = {John Wiley \& Sons, Inc.},
address   = {New York},
year      = {1999},
edition   = {1},
series    = {Wiley Series in Probability and Statistics},
doi       = {10.1002/9780470316993},
}

@book{Kriging:Chiles2012,
author    = {Chil\`{e}s, J.-P. and Delfiner, P.},
title     = {Geostatistics: Modeling Spatial Uncertainty},
publisher = {John Wiley \& Sons, Inc.},
address   = {Hoboken, New Jersey, USA},
year      = {2012},
edition   = {2},
series    = {Wiley Series in Probability and Statistics},
doi       = {10.1002/9781118136188},
}

% METAMODELING

@book{Kriging:Forrester2008,
author    = {Forrester, A.~I.~J. and S\'{o}bester, A. and Keane, A.~J.},
title     = {Engineering Design via Surrogate Modelling: A Practical Guide},
publisher = {John Wiley \& Sons, Ltd.},
address   = {Chichester, West Sussex, UK},
year      = {2008},
doi       = {10.1002/9780470770801},
}

@book{Kriging:Koziel2013,
editor    = {Koziel, S. and Leifsson, L.},
title     = {Surrogate-Based Modeling and Optimization: Applications in Engineering},
publisher = {Springer},
address   = {New York},
year      = {2013},
doi       = {10.1007/978-1-4614-7551-4},
}


%%%%%%%%%%%%
% ARTICLES %
%%%%%%%%%%%%

% HISTORICAL

@article{Kriging:Kimeldorf1970,
author    = {Kimeldorf, G.~S. and Wahba, G.},
title     = {A Correspondence Between {B}ayesian Estimation on Stochastic Processes and Smoothing by Splines},
journal   = TheAnnalsofMathematicalStatistics,
year      = {1970},
volume    = {41},
number    = {2},
pages     = {495--502},
doi       = {10.1214/aoms/1177697089},
publisher = {The Institute of Mathematical Statistics},
}
% journal   = {The Annals of Mathematical Statistics},

@article{Kriging:OHagan1978,
author    = {O'Hagan, A. and Kingman, J.~F.~C.},
title     = {Curve Fitting and Optimal Design for Prediction},
journal   = JournaloftheRoyalStatisticalSocietySeriesBMethodological,
year      = {1978},
volume    = {40},
number    = {1},
pages     = {1--42},
issn      = {00359246},
publisher = {Wiley for the Royal Statistical Society},
}
% journal   = {Journal of the Royal Statistical Society. Series B (Methodological)},
% url       = {http://www.jstor.org/stable/2984861},

@article{Kriging:Sacks1989,
author    = {Sacks, J. and Welch, W.~J. and Mitchell, T.~J. and Wynn, H.~P.},
title     = {Design and Analysis of Computer Experiments},
journal   = StatisticalScience,
year      = {1989},
volume    = {4},
number    = {4},
pages     = {409--423},
doi       = {10.1214/ss/1177012413},
publisher = {The Institute of Mathematical Statistics},
}
% journal   = {Statistical Science},

@article{Kriging:Currin1991,
author    = {Currin, C. and Mitchell, T. and Morris, M. and Ylvisaker, D.},
title     = {{B}ayesian Prediction of Deterministic Functions, with Applications to the Design and Analysis of Computer Experiments},
journal   = JournaloftheAmericanStatisticalAssociation,
year      = {1991},
volume    = {86},
number    = {416},
pages     = {953--963},
doi       = {10.1080/01621459.1991.10475138},
}
% journal   = {Journal of the American Statistical Association},
% url       = {http://www.tandfonline.com/doi/abs/10.1080/01621459.1991.10475138},
% eprint    = {http://www.tandfonline.com/doi/pdf/10.1080/01621459.1991.10475138},

@article{Kriging:Kennedy2000,
author    = {Kennedy, M.~C. and O'Hagan, A.},
title     = {Predicting the output from a complex computer code when fast approximations are available},
journal   = Biometrika,
year      = {2000},
volume    = {87},
number    = {1},
pages     = {1--13},
doi       = {10.1093/biomet/87.1.1},
}
% journal   = {Biometrika},
% url       = {http://biomet.oxfordjournals.org/content/87/1/1.abstract},
% eprint    = {http://biomet.oxfordjournals.org/content/87/1/1.full.pdf+html},

% O'HAGAN

@article{Kriging:OHagan2006,
author    = {O'Hagan, A.},
title     = {{B}ayesian analysis of computer code outputs: {A} tutorial},
journal   = ReliabilityEngineeringSystemSafety,
year      = {2006},
volume    = {91},
number    = {10--11},
pages     = {1290--1300},
issn      = {0951-8320},
doi       = {10.1016/j.ress.2005.11.025},
}
% journal   = {Reliability Engineering \& System Safety},
% note      = {The Fourth International Conference on Sensitivity Analysis of Model Output (SAMO 2004)SAMO 2004The Fourth International Conference on Sensitivity Analysis of Model Output (SAMO 2004)},
% url       = {http://www.sciencedirect.com/science/article/pii/S0951832005002383},

@article{Kriging:Conti2010,
author    = {Conti, S. and O'Hagan, A.},
title     = {{B}ayesian emulation of complex multi-output and dynamic computer models},
journal   = JournalofStatisticalPlanningandInference,
year      = {2010},
volume    = {140},
number    = {3},
pages     = {640--651},
issn      = {0378-3758},
doi       = {10.1016/j.jspi.2009.08.006},
}
% journal   = {Journal of Statistical Planning and Inference},
% url       = {http://www.sciencedirect.com/science/article/pii/S0378375809002559},

% GENERALLY

@incollection{Kriging:Williams1996,
title     = {{G}aussian Processes for Regression},
author    = {Williams, C.~K.~I. and Rasmussen, C.~E.},
booktitle = {Advances in Neural Information Processing Systems 8},
editor    = {Touretzky, D.~S. and Mozer, M.~C. and Hasselmo, M.~E.},
year      = {1996},
pages     = {514--520},
publisher = {MIT Press},
}
% url       = {http://papers.nips.cc/paper/1048-gaussian-processes-for-regression.pdf},

@article{Kriging:Martin2005,
author    = {Martin, J.~D. and Simpson, T.~W.},
title     = {Use of {K}riging Models to Approximate Deterministic Computer Models},
journal   = AIAAJournal,
year      = {2005},
volume    = {43},
number    = {4},
pages     = {853--863},
issn      = {0001-1452},
doi       = {10.2514/1.8650},
publisher = {American Institute of Aeronautics and Astronautics (AIAA)},
}
% journal   = {AIAA Journal},
% url       = {http://arc.aiaa.org/doi/abs/10.2514/1.8650},

@article{Kriging:Kleijnen2009,
author    = {Kleijnen, J.~P.~C.},
title     = {{K}riging metamodeling in simulation: {A} review},
journal   = EuropeanJournalofOperationalResearch,
year      = {2009},
volume    = {192},
number    = {3},
pages     = {707--716},
issn      = {0377-2217},
doi       = {10.1016/j.ejor.2007.10.013},
}
% journal   = {European Journal of Operational Research},
% url       = {http://www.sciencedirect.com/science/article/pii/S0377221707010090},

@incollection{Kriging:Bilionis2016,
author    = {Bilionis, I. and Zabaras, N.},
title     = {{B}ayesian Uncertainty Propagation Using {G}aussian Processes},
editor    = {Ghanem, R. and Higdon, D. and Owhadi, H.},
booktitle = {Handbook of Uncertainty Quantification},
year      = {2016},
publisher = {Springer International Publishing},
address   = {Cham, Switzerland},
isbn      = {978-3-319-11259-6},
doi       = {10.1007/978-3-319-11259-6_16-1},
}
% pages     = {1--45},

% INVERSION

@article{Kriging:Bilicz2010,
author    = {Bilicz, S. and Lambert, M. and Gyim\'{o}thy, S.},
title     = {{K}riging-based generation of optimal databases as forward and inverse surrogate models},
journal   = InverseProblems,
year      = {2010},
volume    = {26},
number    = {7},
pages     = {1--15},
eid       = {074012},
doi       = {10.1088/0266-5611/26/7/074012},
}
% journal   = {Inverse Problems},
% url       = {http://stacks.iop.org/0266-5611/26/i=7/a=074012},

@article{Kriging:Bilicz2012,
author    = {Bilicz, S. and Lambert, M. and Gyim\'{o}thy, S. and P\'{a}v\'{o}, J.},
title     = {Solution of Inverse Problems in Nondestructive Testing by a {K}riging-Based Surrogate Model},
journal   = IEEETransactionsonMagnetics,
year      = {2012},
volume    = {48},
number    = {2},
pages     = {495--498},
issn      = {0018-9464},
doi       = {10.1109/TMAG.2011.2172196},
}
% journal   = {IEEE Transactions on Magnetics},

@incollection{Kriging:Mottershead2011:Proc,
author    = {Mottershead, J.~E. and Khodaparast, H.~H. and Dwight, R.~P. and Badcock, K.~J.},
title     = {Stochastic Model Updating: {P}erturbation, Interval Method and {B}ayesian Inference},
booktitle = {Vibration Problems ICOVP 2011},
editor    = {N\'{a}prstek, J. and Hor\'{a}\v{c}ek, J. and Okrouhl\'{\i}k, M. and Marvalov\'{a}, B. and Verhulst, F. and Sawicki, J.~T.},
year      = {2011},
publisher = {Springer Netherlands},
series    = {Springer Proceedings in Physics},
number    = {139},
pages     = {13--23},
doi       = {10.1007/978-94-007-2069-5_2},
}

@article{Kriging:Jin2016,
author    = {Jin, S.-S. and Jung, H.-J.},
title     = {Sequential surrogate modeling for efficient finite element model updating},
journal   = ComputersStructures,
year      = {2016},
volume    = {168},
pages     = {30--45},
issn      = {0045-7949},
doi       = {10.1016/j.compstruc.2016.02.005},
}
% journal   = {Computers \& Structures},
% url       = {http://www.sciencedirect.com/science/article/pii/S004579491630027X},

@article{Kriging:Wan2016,
author    = {Wan, H.-P. and Ren, W.-X.},
title     = {Stochastic model updating utilizing {B}ayesian approach and {G}aussian process model},
journal   = MechanicalSystemsandSignalProcessing,
year      = {2016},
volume    = {70--71},
pages     = {245--268},
issn      = {0888-3270},
doi       = {10.1016/j.ymssp.2015.08.011},
}
% journal   = {Mechanical Systems and Signal Processing},
% url       = {http://www.sciencedirect.com/science/article/pii/S0888327015003726},

% LIMITED SIMULATOR RUNS

@article{Kriging:Higdon2004,
author    = {Higdon, D. and Kennedy, M. and Cavendish, J.~C. and Cafeo, J.~A. and Ryne, R.~D.},
title     = {Combining Field Data and Computer Simulations for Calibration and Prediction},
journal   = SIAMJournalonScientificComputing,
year      = {2004},
volume    = {26},
number    = {2},
pages     = {448--466},
doi       = {10.1137/S1064827503426693},
}
% journal   = {SIAM Journal on Scientific Computing},

@article{Kriging:Higdon2015,
author    = {Higdon, D. and McDonnell, J.~D. and Schunck, N. and Sarich, J. and Wild, S.~M.},
title     = {A {B}ayesian approach for parameter estimation and prediction using a computationally intensive model},
journal   = JournalofPhysicsGNuclearandParticlePhysics,
year      = {2015},
volume    = {42},
number    = {3},
pages     = {1--18},
eid       = {034009},
doi       = {10.1088/0954-3899/42/3/034009},
}
% journal   = {Journal of Physics G: Nuclear and Particle Physics},
% url       = {http://stacks.iop.org/0954-3899/42/i=3/a=034009},

@article{Kriging:Bilionis2014,
author    = {Bilionis, I. and Zabaras, N.},
title     = {Solution of inverse problems with limited forward solver evaluations: a {B}ayesian perspective},
journal   = InverseProblems,
year      = {2014},
volume    = {30},
number    = {1},
pages     = {1--32},
eid       = {015004},
doi       = {10.1088/0266-5611/30/1/015004},
}
% journal   = {Inverse Problems},
% url       = {http://stacks.iop.org/0266-5611/30/i=1/a=015004},

% ABC

@inproceedings{Kriging:Wilkinson2014:Conf,
author    = {Wilkinson, R.},
title     = {Accelerating {ABC} methods using {G}aussian processes},
booktitle = {17th International Conference on Artifcial Intelligence and Statistics (AISTATS 2014)},
series    = {JMLR Workshop and Conference Proceedings},
editor    = {Kaski, S. and Corander, J.},
year      = {2014},
month     = apr#{~22-25},
volume    = {33},
pages     = {1015--1023},
publisher = {JMLR},
}
% address   = {Beijing, China},
% url       = {http://jmlr.org/proceedings/papers/v33/wilkinson14.html},

@article{Kriging:Wilkinson2014,
author    = {Wilkinson, R.},
title     = {Accelerating {ABC} methods using {G}aussian processes},
journal   = {JMLR Workshop and Conference Proceedings: 17th International Conference on Artifcial Intelligence and Statistics (AISTATS 2014)},
year      = {2014},
volume    = {33},
pages     = {1015--1023},
}
% url       = {http://jmlr.org/proceedings/papers/v33/wilkinson14.html},

% GP REGRESSION FOR LIKELIHOOD/POSTERIOR

@article{Kriging:Ruppert2012,
author    = {Ruppert, D. and Shoemaker, C.~A. and Wang, Y. and Li, Y. and Bliznyuk, N.},
title     = {Uncertainty Analysis for Computationally Expensive Models with Multiple Outputs},
journal   = JournalofAgriculturalBiologicalandEnvironmentalStatistics,
year      = {2012},
volume    = {17},
number    = {4},
pages     = {623--640},
issn      = {1085-7117},
doi       = {10.1007/s13253-012-0091-0},
publisher = {Springer-Verlag},
}
% journal   = {Journal of Agricultural, Biological, and Environmental Statistics},

@article{Kriging:BuiThanh2012,
author    = {Bui-Thanh, T. and Ghattas, O. and Higdon, D.},
title     = {Adaptive {H}essian-Based Nonstationary {G}aussian Process Response Surface Method for Probability Density Approximation with Application to {B}ayesian Solution of Large-Scale Inverse Problems},
journal   = SIAMJournalonScientificComputing,
year      = {2012},
volume    = {34},
number    = {6},
pages     = {2837--2871},
series    = {A},
doi       = {10.1137/110851419},
}
% journal   = {SIAM Journal on Scientific Computing},

@article{Kriging:Dietzel2014,
author    = {Dietzel, A. and Reichert, P.},
title     = {{B}ayesian inference of a lake water quality model by emulating its posterior density},
journal   = WaterResourcesResearch,
year      = {2014},
volume    = {50},
number    = {10},
pages     = {7626--7647},
issn      = {1944-7973},
doi       = {10.1002/2012WR013086},
}
% journal   = {Water Resources Research},

@article{Kriging:Oakley2017,
author    = {Oakley, J.~E. and Youngman, B.~D.},
title     = {Calibration of Stochastic Computer Simulators Using Likelihood Emulation},
journal   = Technometrics,
year      = {2017},
volume    = {59},
number    = {1},
pages     = {80--92},
doi       = {10.1080/00401706.2015.1125391},
}
% journal   = {Technometrics},

% OPTIMIZATION

@article{Kriging:Jones2001,
author    = {Jones, D.~R.},
title     = {A Taxonomy of Global Optimization Methods Based on Response Surfaces},
journal   = JournalofGlobalOptimization,
year      = {2001},
volume    = {21},
number    = {4},
pages     = {345--383},
issn      = {0925-5001},
doi       = {10.1023/A:1012771025575},
publisher = {Kluwer Academic Publishers},
}
% journal   = {Journal of Global Optimization},

@article{Kriging:Queipo2005,
author    = {Queipo, N.~V. and Haftka, R.~T. and Shyy, W. and Goel, T. and Vaidyanathan, R. and Tucker, P.~K.},
title     = {Surrogate-based analysis and optimization},
journal   = ProgressinAerospaceSciences,
year      = {2005},
volume    = {41},
number    = {1},
pages     = {1--28},
issn      = {0376-0421},
doi       = {10.1016/j.paerosci.2005.02.001},
}
% journal   = {Progress in Aerospace Sciences},
% url       = {http://www.sciencedirect.com/science/article/pii/S0376042105000102},

@article{Kriging:Forrester2009,
author    = {Forrester, A.~I.~J. and Keane, A.~J.},
title     = {Recent advances in surrogate-based optimization},
journal   = ProgressinAerospaceSciences,
year      = {2009},
volume    = {45},
number    = {1--3},
pages     = {50--79},
issn      = {0376-0421},
doi       = {10.1016/j.paerosci.2008.11.001},
}
% journal   = {Progress in Aerospace Sciences},
% url       = {http://www.sciencedirect.com/science/article/pii/S0376042108000766},

% PREDICTION ACCURACY

@article{Kriging:Meckesheimer2002,
author    = {Meckesheimer, M. and Booker, A.~J. and Barton, R.~R. and Simpson, T.~W.},
title     = {Computationally Inexpensive Metamodel Assessment Strategies},
journal   = AIAAJournal,
year      = {2002},
volume    = {40},
number    = {10},
pages     = {2053--2060},
doi       = {10.2514/2.1538},
publisher = {American Institute of Aeronautics and Astronautics (AIAA)},
}
% journal   = {AIAA Journal},
% url       = {http://arc.aiaa.org/doi/abs/10.2514/2.1538},

% SENSITIVITY ANALYSIS

@article{Kriging:Oakley2004,
author    = {Oakley, J.~E. and O'Hagan, A.},
title     = {Probabilistic sensitivity analysis of complex models: a {B}ayesian approach},
journal   = JournaloftheRoyalStatisticalSocietySeriesBStatisticalMethodology,
year      = {2004},
volume    = {66},
number    = {3},
pages     = {751--769},
issn      = {1467-9868},
doi       = {10.1111/j.1467-9868.2004.05304.x},
publisher = {Blackwell Publishing},
}
% journal   = {Journal of the Royal Statistical Society: Series B (Statistical Methodology)},

@article{Kriging:Marrel2008,
author    = {Marrel, A. and Iooss, B. and Van Dorpe, F. and Volkova, E.},
title     = {An efficient methodology for modeling complex computer codes with {G}aussian processes},
journal   = ComputationalStatisticsDataAnalysis,
year      = {2008},
volume    = {52},
number    = {10},
pages     = {4731--4744},
issn      = {0167-9473},
doi       = {10.1016/j.csda.2008.03.026},
}
% journal   = {Computational Statistics \& Data Analysis},
% url       = {http://www.sciencedirect.com/science/article/pii/S0167947308001758},

@article{Kriging:Marrel2009,
author    = {Marrel, A. and Iooss, B. and Laurent, B. and Roustant, O.},
title     = {Calculations of {S}obol indices for the {G}aussian process metamodel},
journal   = ReliabilityEngineeringSystemSafety,
year      = {2009},
volume    = {94},
number    = {3},
pages     = {742--751},
issn      = {0951-8320},
doi       = {10.1016/j.ress.2008.07.008},
}
% journal   = {Reliability Engineering \& System Safety},
% url       = {http://www.sciencedirect.com/science/article/pii/S0951832008001981},

@article{Kriging:Marrel2012,
author    = {Marrel, A. and Iooss, B. and Da Veiga, S. and Ribatet, M.},
title     = {Global sensitivity analysis of stochastic computer models with joint metamodels},
journal   = StatisticsandComputing,
year      = {2012},
volume    = {22},
number    = {3},
pages     = {833--847},
issn      = {1573-1375},
doi       = {10.1007/s11222-011-9274-8},
}
% journal   = {Statistics and Computing},


%%%%%%%%%%%%%%
% PC-KRIGING %
%%%%%%%%%%%%%%

@article{Kriging:Kersaudy2015,
author    = {Kersaudy, P. and Sudret, B. and Varsier, N. and Picon, O. and Wiart, J.},
title     = {A new surrogate modeling technique combining {K}riging and polynomial chaos expansions -- {A}pplication to uncertainty analysis in computational dosimetry},
journal   = JournalofComputationalPhysics,
year      = {2015},
volume    = {286},
pages     = {103--117},
issn      = {0021-9991},
doi       = {10.1016/j.jcp.2015.01.034},
}
% journal   = {Journal of Computational Physics},
% url       = {http://www.sciencedirect.com/science/article/pii/S0021999115000388},

@article{Kriging:Schobi2015,
author    = {Sch\"{o}bi, R. and Sudret, B. and Wiart, J.},
title     = {Polynomial-chaos-based {K}riging},
journal   = InternationalJournalforUncertaintyQuantification,
year      = {2015},
volume    = {5},
number    = {2},
pages     = {171--193},
issn      = {2152-5080},
doi       = {10.1615/Int.J.UncertaintyQuantification.2015012467},
}
% journal   = {International Journal for Uncertainty Quantification},

