

%%%%%%%%%
% BOOKS %
%%%%%%%%%

% GENERAL

@book{Uncertainty:Ayyub2006,
author    = {Ayyub, B.~M. and Klir, G.~J.},
title     = {Uncertainty Modeling and Analysis in Engineering and the Sciences},
publisher = {Chapman \& Hall/CRC},
address   = {Boca Raton, Florida, USA},
year      = {2006},
doi       = {10.1201/9781420011456},
}

@book{Uncertainty:Rocquigny2008,
editor    = {de Rocquigny, E. and Devictor, N. and Tarantola, S.},
title     = {Uncertainty in Industrial Practice: A Guide to Quantitative Uncertainty Management},
publisher = {John Wiley \& Sons, Ltd.},
address   = {Chichester, West Sussex, UK},
year      = {2008},
doi       = {10.1002/9780470770733},
}

@book{Uncertainty:Rocquigny2012,
author    = {de Rocquigny, E.},
title     = {Modelling Under Risk and Uncertainty: An Introduction to Statistical, Phenomenological and Computational Methods},
publisher = {John Wiley \& Sons, Ltd.},
address   = {Chichester, West Sussex, UK},
year      = {2012},
series    = {Wiley Series in Probability and Statistics},
doi       = {10.1002/9781119969495},
}

@book{Uncertainty:Smith2014,
author    = {Smith, R.~C.},
title     = {Uncertainty Quantification: Theory, Implementation, and Applications},
publisher = {Society for Industrial and Applied Mathematics (SIAM)},
address   = {Philadelphia, Pennsylvania, USA},
year      = {2014},
series    = {Computational Science and Engineering},
}

@book{Uncertainty:Soize2017,
author    = {Soize, C.},
title     = {Uncertainty Quantification: An Accelerated Course with Advanced Applications in Computational Engineering},
publisher = {Springer International Publishing AG},
address   = {Cham, Switzerland},
year      = {2017},
series    = {Interdisciplinary Applied Mathematics},
number    = {47},
doi       = {10.1007/978-3-319-54339-0},
}

% MATHEMATICAL

@book{Uncertainty:Sullivan2015,
author    = {Sullivan, T.~J.},
title     = {Introduction to Uncertainty Quantification},
publisher = {Springer International Publishing},
address   = {Cham, Switzerland},
year      = {2015},
series    = {Texts in Applied Mathematics},
number    = {63},
doi       = {10.1007/978-3-319-23395-6},
}

% TECHNICAL

@book{Uncertainty:Kurowicka2006,
author    = {Kurowicka, D. and Cooke, R.},
title     = {Uncertainty Analysis with High Dimensional Dependence Modelling},
publisher = {John Wiley \& Sons, Ltd.},
address   = {Chichester, West Sussex, UK},
year      = {2006},
series    = {Wiley Series in Probability and Statistics},
doi       = {10.1002/0470863072},
}

@book{Uncertainty:Bijl2013,
editor    = {Bijl, H. and Lucor, D. and Mishra, S. and Schwab, C.},
title     = {Uncertainty Quantification in Computational Fluid Dynamics},
publisher = {Springer International Publishing},
address   = {Cham, Switzerland},
year      = {2013},
series    = {Lecture Notes in Computational Science and Engineering},
number    = {92},
doi       = {10.1007/978-3-319-00885-1},
}

@book{Uncertainty:Girard2014,
author    = {Girard, S.},
title     = {Physical and Statistical Models for Steam Generator Clogging Diagnosis},
publisher = {Springer International Publishing},
address   = {Cham, Switzerland},
year      = {2014},
series    = {SpringerBriefs in Applied Sciences and Technology},
doi       = {10.1007/978-3-319-09321-5},
}

@book{Uncertainty:Montomoli2015,
author    = {Montomoli, F. and Carnevale, M. and D'Ammaro, A. and Massini, M. and Salvadori, S.},
title     = {Uncertainty Quantification in Computational Fluid Dynamics and Aircraft Engines},
publisher = {Springer International Publishing},
address   = {Cham, Switzerland},
year      = {2015},
series    = {SpringerBriefs in Applied Sciences and Technology},
doi       = {10.1007/978-3-319-14681-2},
}

@book{Uncertainty:Servin2015,
author    = {Servin, C. and Kreinovich, V.},
title     = {Propagation of Interval and Probabilistic Uncertainty in Cyberinfrastructure-Related Data Processing and Data Fusion},
publisher = {Springer International Publishing},
address   = {Cham, Switzerland},
year      = {2015},
series    = {Studies in Systems, Decision and Control},
number    = {15},
doi       = {10.1007/978-3-319-12628-9},
}

@book{Uncertainty:Sarkar2017,
editor    = {Sarkar, S. and Witteveen, J.~A.~S.},
title     = {Uncertainty Quantification in Computational Science: Theory and Application in Fluids and Structural Mechanics},
publisher = {World Scientific Publishing Co.\ Pte.\ Ltd.},
address   = {Singapore},
year      = {2017},
}

% ESSENTIAL

@book{Uncertainty:Knight1921,
author    = {Knight, F.~H.},
title     = {Risk, Uncertainty, and Profit},
publisher = {Houghton Mifflin Company},
year      = {1921},
}

@book{Uncertainty:Liu2011,
author    = {Liu, B.},
title     = {Uncertainty Theory: A Branch of Mathematics for Modeling Human Uncertainty},
publisher = {Springer-Verlag Berlin Heidelberg},
year      = {2011},
series    = {Studies in Computational Intelligence},
number    = {300},
doi       = {10.1007/978-3-642-13959-8},
}

@book{Uncertainty:Liu2015,
author    = {Liu, B.},
title     = {Uncertainty Theory},
publisher = {Springer-Verlag Berlin Heidelberg},
year      = {2015},
edition   = {4},
series    = {Springer Uncertainty Research},
doi       = {10.1007/978-3-662-44354-5},
}

@incollection{Uncertainty:Spiegelhalter2011,
author    = {Spiegelhalter, D.},
title     = {Quantifying uncertainty},
booktitle = {Risk},
editor    = {Skinns, L. and Scott, M. and Cox, T.},
year      = {2011},
pages     = {17--33},
publisher = {Cambridge University Press},
series    = {Darwin College Lectures},
}

@incollection{Uncertainty:Riesch2012,
author    = {Riesch, H.},
title     = {Levels of Uncertainty},
booktitle = {Handbook of Risk Theory: Epistemology, Decision Theory, Ethics, and Social Implications of Risk},
editor    = {Roeser, S. and others},
year      = {2012},
pages     = {29--56},
publisher = {Springer},
}

@incollection{Uncertainty:Riesch2013,
author    = {Riesch, H.},
title     = {Levels of Uncertainty},
booktitle = {Essential of Risk Theory},
editor    = {Roeser, S. and others},
year      = {2013},
pages     = {29--56},
publisher = {Springer},
series    = {Briefs in Philosophy},
}

@incollection{Uncertainty:Smithson2008,
author    = {Smithson, M.},
title     = {The Many Faces and Masks of Uncertainty},
booktitle = {Uncertainty and Risk: Multidisciplinary Perspectives},
editor    = {Bammer, G. and Smithson, M.},
year      = {2008},
pages     = {13--25},
publisher = {Earthscan},
}
% publisher = {Routledge},
% series    = {Earthscan Risk in Society},

@incollection{Uncertainty:Fox2011,
author    = {Fox, C.~R. and \"{U}lk\"{u}men, G.},
title     = {Distinguishing Two Dimensions of Uncertainty},
booktitle = {Perspectives on Thinking, Judging \& Decision-Making},
editor    = {Brun, W. and Keren, G. and Kirkeboen, G. and Montgomery, H.},
year      = {2011},
pages     = {21--35},
publisher = {Universitetsforlaget},
address   = {Norway, Oslo},
}

@book{Uncertainty:Kadane2011,
author    = {Kadane, J.~B.},
title     = {Principles of Uncertainty},
publisher = {Chapman \& Hall/CRC},
address   = {Boca Raton, Florida, USA},
year      = {2011},
doi       = {10.1201/b11322},
}

@book{Uncertainty:Lindley2006,
author    = {Lindley, D.~V.},
title     = {Understanding Uncertainty},
publisher = {John Wiley \& Sons, Inc.},
address   = {Hoboken, New Jersey, USA},
year      = {2006},
doi       = {10.1002/0470055480},
}

@book{Uncertainty:Lindley2008,
author    = {Lindley, D.~V.},
title     = {Uncertainty: {E}instein, {H}eisenberg, {B}ohr, and the Struggle for the Soul of Science},
publisher = {Anchor Books},
year      = {2008},
}

@book{Uncertainty:Evans2010,
author    = {Evans, M.~J. and Rosenthal, J.~S.},
title     = {Probability and Statistics: The Science of Uncertainty},
publisher = {W.~H. Freeman and Company},
year      = {2010},
}

@book{Uncertainty:Peat2002,
author    = {Peat, F.~D.},
title     = {From Certainty to Uncertainty: The Story of Science and Ideas in the Twentieth Century},
publisher = {Joseph Henry Press},
year      = {2002},
}

@book{Uncertainty:Byers2011,
author    = {Byers, W.},
title     = {The Blind Spot: Science and the Crisis of Uncertainty},
publisher = {Princeton University Press},
year      = {2011},
}

@book{Uncertainty:Firestein2012,
author    = {Firestein, S.},
title     = {Ignorance: How It Drives Science},
publisher = {Oxford University Press},
year      = {2012},
series    = {Studies in Computational Intelligence},
}
% year      = {2013}

@book{Uncertainty:Feynman1998,
author    = {Feynman, R.~P.},
title     = {The Meaning of It All: Thoughts of a Citizen-Scientist},
publisher = {Addison-Wesley},
year      = {1998},
edition   = {1},
}

@book{Uncertainty:Halpern2005,
author    = {Halpern, J.~Y.},
title     = {Reasoning about Uncertainty},
publisher = {The MIT Press},
year      = {2005},
}

@book{Uncertainty:Bouleau2011,
author    = {Bouleau, N.},
title     = {Risk and Meaning: Adversaries in Art, Science and Philosophy},
publisher = {Springer-Verlag Berlin Heidelberg},
year      = {2011},
doi       = {10.1007/978-3-642-17647-0},
}

@book{Uncertainty:Morgan1990,
author    = {Morgan, M.~G. and Henrion, M.},
title     = {Uncertainty: A Guide to Dealing with Uncertainty in Quantitative Risk and Policy Analysis},
publisher = {Cambridge University Press},
address   = {Cambridge, UK},
year      = {1990},
doi       = {10.1017/CBO9780511840609},
}

@book{Uncertainty:Briggs2016,
author    = {Briggs, W.},
title     = {Uncertainty: The Soul of Modeling, Probability \& Statistics},
publisher = {Springer International Publishing},
address   = {Cham, Switzerland},
year      = {2016},
doi       = {10.1007/978-3-319-39756-6},
}

% ELICITATION

@book{Uncertainty:Cooke1991,
author    = {Cooke, R.~M.},
title     = {Experts in Uncertainty: Opinion and Subjective Probability in Science},
publisher = {Oxford University Press},
address   = {New York},
year      = {1991},
series    = {Environmental Ethics and Science Policy},
}

@book{Uncertainty:Ayyub2001,
author    = {Ayyub, B.~M.},
title     = {Elicitation of Expert Opinions for Uncertainty and Risks},
publisher = {CRC Press},
address   = {Boca Raton, Florida, USA},
year      = {2001},
doi       = {10.1201/9781420040906},
}

@book{Uncertainty:OHagan2006,
author    = {O'Hagan, A. and Buck, C.~E. and Daneshkhah, A. and Eiser, J.~R. and Garthwaite, P.~H. and Jenkinson, D.~J. and Oakley, J.~E. and Rakow, T.},
title     = {Uncertain Judgements: Eliciting Experts' Probabilities},
publisher = {John Wiley \& Sons, Ltd.},
address   = {Chichester, West Sussex, UK},
year      = {2006},
series    = {Statistics in Practice},
doi       = {10.1002/0470033312},
}

% RISK ANALYSIS

@book{Uncertainty:Bedford2001,
author    = {Bedford, T. and Cooke, R.},
title     = {Probabilistic Risk Analysis: Foundations and Methods},
publisher = {Cambridge University Press},
address   = {Cambridge, UK},
year      = {2001},
doi       = {10.1017/CBO9780511813597},
}

@book{Uncertainty:Aven2008,
author    = {Aven, T.},
title     = {Risk Analysis: Assessing Uncertainties Beyond Expected Values And Probabilities},
publisher = {John Wiley \& Sons, Ltd.},
address   = {Chichester, West Sussex, UK},
year      = {2008},
doi       = {10.1002/9780470694435},
}

@book{Uncertainty:Aven2010:a,
author    = {Aven, T.},
title     = {Misconceptions of Risk},
publisher = {John Wiley \& Sons, Ltd.},
address   = {Chichester, West Sussex, UK},
year      = {2010},
doi       = {10.1002/9780470686539},
}

@book{Uncertainty:Aven2010:b,
author    = {Aven, T. and Renn, O.},
title     = {Risk Management and Governance: Concepts, Guidelines and Applications},
publisher = {Springer-Verlag Berlin Heidelberg},
year      = {2010},
series    = {Risk, Governance and Society},
number    = {16},
doi       = {10.1007/978-3-642-13926-0},
}

@book{Uncertainty:Aven2012,
author    = {Aven, T.},
title     = {Foundations of Risk Analysis},
publisher = {John Wiley \& Sons, Ltd.},
address   = {Chichester, West Sussex, UK},
year      = {2012},
edition   = {2},
doi       = {10.1002/9781119945482},
}

% DECISION MAKING

@book{Uncertainty:Biswas1997,
author    = {Biswas, T.},
title     = {Decision-Making under Uncertainty},
publisher = {Macmillan Press Ltd},
address   = {Basingstoke, UK},
year      = {1997},
doi       = {10.1007/978-1-349-25817-8},
}

@book{Uncertainty:Bubnicki2004,
author    = {Bubnicki, Z.},
title     = {Analysis and Decision Making in Uncertain Systems},
publisher = {Springer-Verlag},
address   = {London, UK},
year      = {2004},
series    = {Communications and Control Engineering},
doi       = {10.1007/978-1-4471-3760-3},
}

@book{Uncertainty:Herrmann2015,
author    = {Herrmann, J.~W.},
title     = {Engineering Decision Making and Risk Management},
publisher = {John Wiley \& Sons, Inc.},
address   = {Hoboken, New Jersey, USA},
year      = {2015},
}

@book{Uncertainty:Kochenderfer2015,
author    = {Kochenderfer, M.~J.},
title     = {Decision Making Under Uncertainty: Theory and Application},
publisher = {The MIT Press},
address   = {Cambridge, Massachusetts, USA},
year      = {2015},
series    = {MIT Lincoln Laboratory Series},
}

% RELIABILITY ANALYSIS

@book{Uncertainty:ThoftChristensen1982,
author    = {Thoft-Christensen, P. and Baker, M.~J.},
title     = {Structural Reliability Theory and Its Applications},
publisher = {Springer-Verlag Berlin Heidelberg},
year      = {1982},
doi       = {10.1007/978-3-642-68697-9},
}

@book{Uncertainty:Tichy1993,
author    = {Tich\'{y}, M.},
title     = {Applied Methods of Structural Reliability},
publisher = {Springer},
adress    = {Dordrecht, Netherlands},
year      = {1993},
series    = {Topics in Safety, Reliability and Quality},
number    = {2},
doi       = {10.1007/978-94-011-1948-1},
}

@book{Uncertainty:Ditlevsen1996,
author    = {Ditlevsen, O. and Madsen, H.~O.},
title     = {Structural Reliability Methods},
publisher = {John Wiley \& Sons, Ltd.},
address   = {Chichester, West Sussex, UK},
year      = {1996},
}

@book{Uncertainty:Optim1998,
author    = {Barlow, R.~E.},
title     = {Engineering Reliability},
publisher = {Society for Industrial and Applied Mathematics (SIAM)},
address   = {Philadelphia, Pennsylvania, USA},
year      = {1998},
series    = {ASA-SIAM Series on Statistics and Applied Mathematics},
number    = {2},
doi       = {10.1137/1.9780898719758},
}

@book{Uncertainty:Melchers1999,
author    = {Melchers, R.~E.},
title     = {Structural Reliability Analysis and Prediction},
publisher = {John Wiley \& Sons, Ltd.},
address   = {Chichester, West Sussex, UK},
year      = {1999},
edition   = {2},
}

@book{Uncertainty:Hurtado2004,
author    = {Hurtado, J.~E.},
title     = {Structural Reliability: Statistical Learning Perspectives},
publisher = {Springer-Verlag Berlin Heidelberg},
year      = {2004},
series    = {Lecture Notes in Applied and Computational Mechanics},
number    = {17},
doi       = {10.1007/978-3-540-40987-8},
}

@book{Uncertainty:Lemaire2009,
author    = {Lemaire, M. and Chateauneuf, A. and Mitteau, J.-C.},
title     = {Structural Reliability},
publisher = {ISTE Ltd},
address   = {London, UK},
year      = {2009},
doi       = {10.1002/9780470611708},
}

@book{Uncertainty:Nowak2013,
author    = {Nowak, A.~S. and Collins, K.~R.},
title     = {Reliability of Structures},
publisher = {CRC Press},
address   = {Boca Raton, Florida, USA},
year      = {2013},
edition   = {2},
}

@book{Uncertainty:Morio2016,
author    = {Morio, J. and Balesdent, M.},
title     = {Estimation of Rare Event Probabilities in Complex Aerospace and Other Systems: A Practical Approach},
publisher = {Woodhead Publishing Limited},
address   = {Cambridge, UK},
year      = {2016},
series    = {Woodhead Publishing in Mechanical Engineering},
number    = {720},
doi       = {10.1016/c2014-0-02344-1},
}

% SENSITIVITY ANALYSIS

@book{Uncertainty:Saltelli2004,
author    = {Saltelli, A. and Tarantola, S. and Campolongo, F. and Ratto, M.},
title     = {Sensitivity Analysis in Practice: A Guide to Assessing Scientific Models},
publisher = {John Wiley \& Sons, Ltd.},
address   = {Chichester, West Sussex, UK},
year      = {2004},
doi       = {10.1002/0470870958},
}

@book{Uncertainty:Saltelli2008,
author    = {Saltelli, A. and Ratto, M. and Andres, T. and Campolongo, F. and Cariboni, J. and Gatelli, D. and Saisana, M. and Tarantola, S.},
title     = {Global Sensitivity Analysis: The Primer},
publisher = {John Wiley \& Sons, Ltd.},
address   = {Chichester, West Sussex, UK},
year      = {2008},
doi       = {10.1002/9780470725184},
}

@incollection{Uncertainty:Iooss2015,
author    = {Iooss, B. and Lema\^{i}tre, P.},
title     = {A Review on Global Sensitivity Analysis Methods},
editor    = {Dellino, G. and Meloni, C.},
booktitle = {Uncertainty Management in Simulation-Optimization of Complex Systems: Algorithms and Applications},
publisher = {Springer},
address   = {New York},
year      = {2015},
series    = {Operations Research/Computer Science Interfaces Series},
number    = {59},
pages     = {101--122},
doi       = {10.1007/978-1-4899-7547-8_5},
}

@incollection{Uncertainty:Iooss2016,
author    = {Iooss, B. and Saltelli, A.},
title     = {Introduction to Sensitivity Analysis},
editor    = {Ghanem, R. and Higdon, D. and Owhadi, H.},
booktitle = {Handbook of Uncertainty Quantification},
year      = {2016},
publisher = {Springer International Publishing},
address   = {Cham, Switzerland},
isbn      = {978-3-319-11259-6},
doi       = {10.1007/978-3-319-11259-6_31-1},
}
% pages     = {1--20},

@incollection{Uncertainty:Prieur2016,
author    = {Prieur, C. and Tarantola, S.},
title     = {Variance-Based Sensitivity Analysis: {T}heory and Estimation Algorithms},
editor    = {Ghanem, R. and Higdon, D. and Owhadi, H.},
booktitle = {Handbook of Uncertainty Quantification},
year      = {2016},
publisher = {Springer International Publishing},
address   = {Cham, Switzerland},
isbn      = {978-3-319-11259-6},
doi       = {10.1007/978-3-319-11259-6_35-1},
}
% pages     = {1--23},

@incollection{Uncertainty:Gratiet2016,
author    = {Gratiet, L.~L. and Marelli, S. and Sudret, B.},
title     = {Metamodel-Based Sensitivity Analysis: {P}olynomial Chaos Expansions and {G}aussian Processes},
editor    = {Ghanem, R. and Higdon, D. and Owhadi, H.},
booktitle = {Handbook of Uncertainty Quantification},
year      = {2016},
publisher = {Springer International Publishing},
address   = {Cham, Switzerland},
isbn      = {978-3-319-11259-6},
doi       = {10.1007/978-3-319-11259-6_38-1},
}
% pages     = {1--37},

% STOCHASTIC PERTURBATION METHOD

@book{Uncertainty:Kaminski2013,
author    = {Kami\'{n}ski, M.},
title     = {The Stochastic Perturbation Method for Computational Mechanics},
publisher = {John Wiley \& Sons, Ltd.},
address   = {Chichester, West Sussex, UK},
year      = {2013},
doi       = {10.1002/9781118481844},
}

% VERIFICATION/VALIDATION

@book{Uncertainty:Oberkampf2010,
author    = {Oberkampf, W.~L. and Roy, C.~J.},
title     = {Verification and Validation in Scientific Computing},
publisher = {Cambridge University Press},
address   = {Cambridge, UK},
year      = {2010},
doi       = {10.1017/CBO9780511760396},
}

@book{Uncertainty:NAP2012,
title     = {Assessing the Reliability of Complex Models: Mathematical and Statistical Foundations of Verification, Validation, and Uncertainty Quantification},
author    = {{Committee on Mathematical Foundations of Verification, Validation, and Uncertainty Quantification;
            Board on Mathematical Sciences and Their Applications; Division on Engineering and Physical Sciences; National Research Council}},
year      = {2012},
publisher = {The National Academies Press},
}
% author    = {Committee on Mathematical Foundations of Verification, Validation, and Uncertainty Quantification, Board on Mathematical Sciences and Their Applications, Division on Engineering and Physical Sciences, National Research Council},
% url       = {http://www.nap.edu/openbook.php?record_id=13395},

@book{Uncertainty:MurraySmith2015,
author    = {Murray-Smith, D.~J.},
title     = {Testing and Validation of Computer Simulation Models: Principles, Methods and Applications},
publisher = {Springer International Publishing},
address   = {Cham, Switzerland},
year      = {2015},
series    = {Simulation Foundations, Methods and Applications},
doi       = {10.1007/978-3-319-15099-4},
}

% MEASUREMENT ERRORS

@book{Uncertainty:Rabinovich2005,
author    = {Rabinovich, S.~G.},
title     = {Measurement Errors and Uncertainties: Theory and Practice},
publisher = {Springer},
address   = {New York},
year      = {2005},
edition   = {3},
doi       = {10.1007/0-387-29143-1},
}

@book{Uncertainty:Fornasini2008,
author    = {Fornasini, P.},
title     = {The Uncertainty in Physical Measurements: An Introduction to Data Analysis in the Physics Laboratory},
publisher = {Springer},
address   = {New York},
year      = {2008},
doi       = {10.1007/978-0-387-78650-6},
}

@book{Uncertainty:Drosg2009,
author    = {Drosg, M.},
title     = {Dealing with Uncertainties: A Guide to Error Analysis},
publisher = {Springer-Verlag Berlin Heidelberg},
year      = {2009},
edition   = {2},
doi       = {10.1007/978-3-642-01384-3},
}

@book{Uncertainty:Gupta2012,
author    = {Gupta, S.~V.},
title     = {Measurement Uncertainties: Physical Parameters and Calibration of Instruments},
publisher = {Springer-Verlag Berlin Heidelberg},
year      = {2012},
doi       = {10.1007/978-3-642-20989-5},
}

@book{Uncertainty:Grabe2014,
author    = {Grabe, M.},
title     = {Measurement Uncertainties in Science and Technology},
publisher = {Springer-Verlag Berlin Heidelberg},
year      = {2014},
edition   = {2},
doi       = {10.1007/978-3-319-04888-8},
}

% ERRORS IN VARIABLES

@book{Uncertainty:Fuller1987,
author    = {Fuller, W.~A.},
title     = {Measurement Error Models},
publisher = {John Wiley \& Sons, Inc.},
address   = {Hoboken, New Jersey, USA},
year      = {1987},
series    = {Wiley Series in Probability and Mathematical Statistics},
doi       = {10.1002/9780470316665},
}

@book{Uncertainty:Carroll2006,
author    = {Carroll, R.~J. and Ruppert, D. and Stefanski, L.~A. and Crainiceanu, C.~M.},
title     = {Measurement Error in Nonlinear Models: A Modern Perspective},
publisher = {Chapman \& Hall/CRC},
address   = {Boca Raton, Florida, USA},
year      = {2006},
edition   = {2},
series    = {Monographs on Statistics an Applied Probability},
number    = {105},
}

@book{Uncertainty:Buonaccorsi2010,
author    = {Buonaccorsi, J.~P.},
title     = {Measurement Error: Models, Methods, and Applications},
publisher = {Chapman \& Hall/CRC},
address   = {Boca Raton, Florida, USA},
year      = {2010},
series    = {Interdisciplinary Statistics Series},
doi       = {10.1201/9781420066586},
}


%%%%%%%%%%%%
% ARTICLES %
%%%%%%%%%%%%

@article{Uncertainty:OHagan2004:a,
author    = {O'Hagan, A. and Oakley, J.~E.},
title     = {Probability is perfect, but we can't elicit it perfectly},
journal   = ReliabilityEngineeringSystemSafety,
year      = {2004},
volume    = {85},
number    = {1--3},
pages     = {239--248},
issn      = {0951-8320},
doi       = {10.1016/j.ress.2004.03.014},
}
% journal   = {Reliability Engineering \& System Safety},
% url       = {http://www.sciencedirect.com/science/article/pii/S0951832004000638},

@article{Uncertainty:OHagan2004:b,
author    = {O'Hagan, A.},
title     = {Dicing with the unknown},
journal   = Significance,
year      = {2004},
volume    = {1},
number    = {3},
pages     = {132--133},
issn      = {1740-9713},
doi       = {10.1111/j.1740-9713.2004.00050.x},
publisher = {Blackwell Publishing Ltd.},
}
% journal   = {Significance},

@article{Uncertainty:Faber2005,
author    = {Faber, M.~H.},
title     = {On the Treatment of Uncertainties and Probabilities in Engineering Decision Analysis},
journal   = JournalofOffshoreMechanicsandArcticEngineering,
year      = {2005},
volume    = {127},
number    = {3},
pages     = {243--248},
doi       = {10.1115/1.1951776},
publisher = {American Society of Mechanical Engineers (ASME)},
}
% journal   = {Journal of Offshore Mechanics and Arctic Engineering},

@article{Uncertainty:Kiureghian2009,
author    = {Der Kiureghian, A. and Ditlevsen, O.},
title     = {Aleatory or epistemic? {D}oes it matter?},
journal   = StructuralSafety,
year      = {2009},
volume    = {31},
number    = {2},
pages     = {105--112},
issn      = {0167-4730},
doi       = {10.1016/j.strusafe.2008.06.020},
}
% journal   = {Structural Safety},
% url       = {http://www.sciencedirect.com/science/article/pii/S0167473008000556},

@article{Uncertainty:Roy2011,
author	  = {Roy, C.~J. and Oberkampf, W.~L.},
title     = {A comprehensive framework for verification, validation, and uncertainty quantification in scientific computing},
journal   = ComputerMethodsinAppliedMechanicsandEngineering,
year      = {2011},
volume    = {200},
number    = {25--28},
pages     = {2131--2144},
issn      = {0045-7825},
doi       = {10.1016/j.cma.2011.03.016},
}
% journal   = {Computer Methods in Applied Mechanics and Engineering},
% url       = {http://www.sciencedirect.com/science/article/pii/S0045782511001290},

@misc{Uncertainty:Lo2010,
author    = {Lo, A.~W. and Mueller, M.~T.},
title     = {Warning: Physics Envy May be Hazardous to Your Wealth!},
year      = {2010},
pages     = {243--248},
}
% url       = {http://ssrn.com/abstract=1563882},

@article{Uncertainty:Chowdhary2013,
author    = {Chowdhary, K. and Dupuis, P.},
title     = {Distinguishing and integrating aleatoric and epistemic variation in uncertainty quantification},
journal   = ESAIMMathematicalModellingandNumericalAnalysis,
year      = {2013},
volume    = {47},
number    = {3},
pages     = {635--662},
issn      = {1290-3841},
doi       = {10.1051/m2an/2012038},
}
% journal   = {ESAIM: Mathematical Modelling and Numerical Analysis},
% url       = {http://www.esaim-m2an.org/action/article_S0764583X12000386},

@article{Uncertainty:Oberkampf2002,
author    = {Oberkampf, W.~L. and DeLand, S.~M. and Rutherford, B.~M. and Diegert, K.~V. and Alvin, K.~F.},
title     = {Error and uncertainty in modeling and simulation},
journal   = ReliabilityEngineeringSystemSafety,
year      = {2002},
volume    = {75},
number    = {3},
pages     = {333--357},
issn      = {0951-8320},
doi       = {10.1016/S0951-8320(01)00120-X},
}
% journal   = {Reliability Engineering \& System Safety},
% url       = {http://www.sciencedirect.com/science/article/pii/S095183200100120X},

@article{Uncertainty:Oberkampf2004,
author    = {Oberkampf, W.~L. and Helton, J.~C. and Joslyn, C.~A. and Wojtkiewicz, S.~F. and Ferson, S.},
title     = {Challenge problems: uncertainty in system response given uncertain parameters},
journal   = ReliabilityEngineeringSystemSafety,
year      = {2004},
volume    = {85},
number    = {1--3},
pages     = {11--19},
issn      = {0951-8320},
doi       = {10.1016/j.ress.2004.03.002},
}
% journal   = {Reliability Engineering \& System Safety},
% url       = {http://www.sciencedirect.com/science/article/pii/S0951832004000493},

@article{Uncertainty:Samson2009,
author    = {Samson, S. and Reneke, J.~A. and Wiecek, M.~M.},
title     = {A review of different perspectives on uncertainty and risk and an alternative modeling paradigm},
journal   = ReliabilityEngineeringSystemSafety,
year      = {2009},
volume    = {94},
number    = {2},
pages     = {558--567},
issn      = {0951-8320},
doi       = {10.1016/j.ress.2008.06.004},
}
% journal   = {Reliability Engineering \& System Safety},
% url       = {http://www.sciencedirect.com/science/article/pii/S0951832008001828},

@article{Uncertainty:Helton2004,
author    = {Helton, J.~C. and Oberkampf, W.~L.},
title     = {Alternative representations of epistemic uncertainty},
journal   = ReliabilityEngineeringSystemSafety,
year      = {2004},
volume    = {85},
number    = {1--3},
pages     = {1--10},
issn      = {0951-8320},
doi       = {10.1016/j.ress.2004.03.001},
}
% journal   = {Reliability Engineering \& System Safety},
% url       = {http://www.sciencedirect.com/science/article/pii/S0951832004000481},

@article{Uncertainty:Helton2011,
author    = {Helton, J.~C. and Johnson, J.~D.},
title     = {Quantification of margins and uncertainties: {A}lternative representations of epistemic uncertainty},
journal   = ReliabilityEngineeringSystemSafety,
year      = {2011},
volume    = {96},
number    = {9},
pages     = {1034--1052},
issn      = {0951-8320},
doi       = {10.1016/j.ress.2011.02.013},
}
% journal   = {Reliability Engineering \& System Safety},
% url       = {http://www.sciencedirect.com/science/article/pii/S0951832011000585},

@article{Uncertainty:Li2012:a,
author    = {Li, Y. and Chen, J. and Feng, L.},
title     = {Dealing with Uncertainty: {A} Survey of Theories and Practices},
journal   = IEEETransactionsonKnowledgeandDataEngineering,
year      = {2013},
volume    = {25},
number    = {11},
pages     = {2463--2482},
issn      = {1041-4347},
doi       = {10.1109/TKDE.2012.179},
publisher = {IEEE Computer Society},
address   = {Los Alamitos, CA, USA},
}
% journal   = {IEEE Transactions on Knowledge and Data Engineering},
% url       = {http://doi.ieeecomputersociety.org/10.1109/TKDE.2012.179},

@article{Uncertainty:Walker2003,
author    = {Walker, W.~E. and Harremoes, P. and Rotmans, J. and van der Sluijs, J.~P. and van Asselt, M.~B.~A. and Janssen, P. and Krayer von Krauss, M.~P.},
title     = {Defining Uncertainty: {A} Conceptual Basis for Uncertainty Management in Model-Based Decision Support},
journal   = IntegratedAssessmentJournal,
year      = {2003},
number    = {1},
volume    = {4},
pages     = {5--17},
}
% journal   = {Integrated Assessment Journal},

@article{Uncertainty:Norton2006,
author    = {Norton, J.~P. and Brown, J.~D. and Mysiak, J.},
title     = {To what extent, and how, might uncertainty be defined?},
journal   = IntegratedAssessmentJournal,
year      = {2006},
number    = {1},
volume    = {6},
pages     = {83--88},
}
% journal   = {Integrated Assessment Journal},

@article{Uncertainty:Walker2006,
author    = {Krayer von Kraus, M.~P. and Walker, W.~E. and van der Sluis, J.~P. and Janssen, P. and Asselt Van, M.~B.~A. and Rotmans, J.},
title     = {Response to 'To what extent, and how, might uncertainty be defined' by {N}orton, {B}rown, and {M}ysiak},
journal   = IntegratedAssessmentJournal,
year      = {2006},
number    = {1},
volume    = {6},
pages     = {89--94},
}
% journal   = {Integrated Assessment Journal},

@article{Uncertainty:Jakeman2010,
author    = {Jakeman, J. and Eldred, M. and Xiu, D.},
title     = {Numerical approach for quantification of epistemic uncertainty},
journal   = JournalofComputationalPhysics,
year      = {2010},
volume    = {229},
number    = {12},
pages     = {4648--4663},
issn      = {0021-9991},
doi       = {10.1016/j.jcp.2010.03.003},
}
% journal   = {JournalofComputationalPhysics},
% url       = {http://www.sciencedirect.com/science/article/pii/S0021999110001130},

@article{Uncertainty:Everline2012,
author    = {Everline, C.~J.},
title     = {{B}ayesian Approach to Quantifying Epistemic Uncertainty in a Processor Availability model},
journal   = JournalofSpacecraftandRockets,
year      = {2012},
volume    = {49},
number    = {6},
pages     = {1019--1031},
doi       = {10.2514/1.51352},
}
% journal   = {Journal of Spacecraft and Rockets},

@article{Uncertainty:Galavotti2014,
author    = {Galavotti, M.~C.},
title     = {Probability Theories and Organization Science: {T}he Nature and Usefulness of Different Ways of Treating Uncertainty},
journal   = JournalofManagement,
year      = {2014},
doi       = {10.1177/0149206314532951},
}
% journal   = {Journal of Management},
% url       = {http://jom.sagepub.com/content/early/2014/05/06/0149206314532951.abstract},
% eprint    = {http://jom.sagepub.com/content/early/2014/05/06/0149206314532951.full.pdf+html},


%%%%%%%%%%%%%%%%%%%%%%%%%%%
% UNCERTAINTY PROPAGATION %
%%%%%%%%%%%%%%%%%%%%%%%%%%%

% GENERAL

@article{Uncertainty:Lee2009,
author    = {Lee, S.~H. and Chen, W.},
title     = {A comparative study of uncertainty propagation methods for black-box-type problems},
journal   = StructuralandMultidisciplinaryOptimization,
year      = {2009},
volume    = {37},
number    = {3},
pages     = {239--253},
issn      = {1615-147X},
doi       = {10.1007/s00158-008-0234-7},
publisher = {Springer-Verlag},
}
% journal   = {Structural and Multidisciplinary Optimization},

@article{Uncertainty:Arnst2014,
author    = {Arnst, M. and Ponthot, J.-P.},
title     = {An overview of nonintrusive characterization, propagation, and sensitivity analysis of uncertainties in computational mechanics},
journal   = InternationalJournalforUncertaintyQuantification,
year      = {2014},
volume    = {4},
number    = {5},
pages     = {387--421},
issn      = {2152-5080},
doi       = {10.1615/Int.J.UncertaintyQuantification.2014006990},
}
% journal   = {International Journal for Uncertainty Quantification},

% MONTE CARLO SIMULATION

@article{Uncertainty:Helton2003,
author    = {Helton, J.~C. and Davis, F.~J.},
title     = {{L}atin hypercube sampling and the propagation of uncertainty in analyses of complex systems},
journal   = ReliabilityEngineeringSystemSafety,
year      = {2003},
volume    = {81},
number    = {1},
pages     = {23--69},
issn      = {0951-8320},
doi       = {10.1016/S0951-8320(03)00058-9},
}
% journal   = {Reliability Engineering \& System Safety},
% url       = {http://www.sciencedirect.com/science/article/pii/S0951832003000589},

@article{Uncertainty:Helton2005,
author    = {Helton, J.~C. and Davis, F.~J. and Johnson, J.~D.},
title     = {A comparison of uncertainty and sensitivity analysis results obtained with random and {L}atin hypercube sampling},
journal   = ReliabilityEngineeringSystemSafety,
year      = {2005},
volume    = {89},
number    = {3},
pages     = {305--330},
issn      = {0951-8320},
doi       = {10.1016/j.ress.2004.09.006},
}
% journal   = {Reliability Engineering \& System Safety},
% url       = {http://www.sciencedirect.com/science/article/pii/S0951832004002340},

@article{Uncertainty:Helton2006,
author    = {Helton, J.~C. and Johnson, J.~D. and Sallaberry, C.~J. and Storlie, C.~B.},
title     = {Survey of sampling-based methods for uncertainty and sensitivity analysis},
journal   = ReliabilityEngineeringSystemSafety,
year      = {2006},
volume    = {91},
number    = {10--11},
pages     = {1175--1209},
issn      = {0951-8320},
doi       = {10.1016/j.ress.2005.11.017},
}
% journal   = {Reliability Engineering \& System Safety},
% note      = {The Fourth International Conference on Sensitivity Analysis of Model Output (SAMO 2004)},
% url       = {http://www.sciencedirect.com/science/article/pii/S0951832005002292},

% TAYLOR APPROXIMATION

@article{Uncertainty:Mana2007,
author    = {Mana, G. and Pennecchi, F.},
title     = {Uncertainty propagation in non-linear measurement equations},
journal   = Metrologia,
year      = {2007},
volume    = {44},
number    = {3},
pages     = {246--251},
doi       = {10.1088/0026-1394/44/3/012},
}
% journal   = {Metrologia},
% url       = {http://stacks.iop.org/0026-1394/44/i=3/a=012},

@article{Uncertainty:Mekid2008,
author    = {Mekid, S. and Vaja, D.},
title     = {Propagation of uncertainty: {E}xpressions of second and third order uncertainty with third and fourth moments},
journal   = Measurement,
year      = {2008},
volume    = {41},
number    = {6},
pages     = {600--609},
issn      = {0263-2241},
doi       = {10.1016/j.measurement.2007.07.004},
}
% journal   = {Measurement},
% url       = {http://www.sciencedirect.com/science/article/pii/S0263224107000681},

@article{Uncertainty:Martins2011,
author    = {Martins, M.~A.~F. and Requi\~{a}o, R. and Kalid, R.~A.},
title     = {Generalized expressions of second and third order for the evaluation of standard measurement uncertainty},
journal   = Measurement,
year      = {2011},
volume    = {44},
number    = {9},
pages     = {1526--1530},
issn      = {0263-2241},
doi       = {10.1016/j.measurement.2011.06.008},
}
% journal   = {Measurement},
% url       = {http://www.sciencedirect.com/science/article/pii/S0263224111001849},

@article{Uncertainty:Bouchot2011,
author    = {Bouchot, C. and Castro Quilant\'{a}n, J.~L. and S\'{a}nchez Ochoa, J.~C.},
title     = {A compact tensor algebra expression of the law of propagation of uncertainty},
journal   = Metrologia,
year      = {2011},
volume    = {48},
number    = {3},
pages     = {L22--L28},
doi       = {10.1088/0026-1394/48/3/L03},
}
% journal   = {Metrologia},
% url       = {http://stacks.iop.org/0026-1394/48/i=3/a=L03},

@article{Uncertainty:Anderson2012,
author    = {Anderson, T.~V. and Mattson, C.~A.},
title     = {Propagating Skewness and Kurtosis Through Engineering Models for Low-Cost, Meaningful, Nondeterministic Design},
journal   = JournalofMechanicalDesign,
year      = {2012},
volume    = {134},
number    = {10},
pages     = {1--9},
eid       = {100911},
doi       = {10.1115/1.4007389},
}
% journal   = {Journal of Mechanical Design},


%%%%%%%%%%%%%%%%%%%%%%%%%%%%
% ENGINEERING APPLICATIONS %
%%%%%%%%%%%%%%%%%%%%%%%%%%%%

@book{Uncertainty:Phoon2015,
editor    = {Phoon, K.-K. and Ching, J.},
title     = {Risk and Reliability in Geotechnical Engineering},
publisher = {CRC Press},
address   = {Boca Raton, Florida, USA},
year      = {2015},
}


%%%%%%%%%%%%%%%%%%%%%%%%%%%%%%
% STOCHASTIC FINITE ELEMENTS %
%%%%%%%%%%%%%%%%%%%%%%%%%%%%%%

@book{Uncertainty:To2014,
author    = {To, C.~W.~S.},
title     = {Stochastic Structural Dynamics: Application of Finite Element Methods},
publisher = {John Wiley \& Sons, Ltd.},
address   = {Chichester, West Sussex, UK},
year      = {2014},
doi       = {10.1002/9781118402757},
}

@article{Uncertainty:Matthies2008,
author    = {Matthies, H.~G.},
title     = {Stochastic finite elements: {C}omputational approaches to stochastic partial differential equations},
journal   = ZAMM,
year      = {2008},
volume    = {88},
number    = {11},
pages     = {849--873},
issn      = {1521-4001},
doi       = {10.1002/zamm.200800095},
publisher = {WILEY-VCH Verlag},
}
% journal   = {ZAMM - Journal of Applied Mathematics and Mechanics / Zeitschrift für Angewandte Mathematik und Mechanik},

@article{Uncertainty:Stefanou2009,
author    = {Stefanou, G.},
title     = {The stochastic finite element method: {P}ast, present and future},
journal   = ComputerMethodsinAppliedMechanicsandEngineering,
year      = {2009},
volume    = {198},
number    = {9--12},
pages     = {1031--1051},
issn      = {0045-7825},
doi       = {10.1016/j.cma.2008.11.007},
}
% journal   = {Computer Methods in Applied Mechanics and Engineering},
% url       = {http://www.sciencedirect.com/science/article/pii/S0045782508004118},

@article{Uncertainty:Gunzburger2014,
author    = {Gunzburger, M.~D. and Webster, C.~G. and Zhang, G.},
title     = {Stochastic finite element methods for partial differential equations with random input data},
journal   = ActaNumerica,
year      = {2014},
volume    = {23},
pages     = {521--650},
issn      = {1474-0508},
doi       = {10.1017/S0962492914000075},
}
% journal   = {Acta Numerica},
% url       = {http://journals.cambridge.org/article_S0962492914000075},

@Article{Uncertainty:ArreguiMena2014,
author    = {Arregui-Mena, J.~D. and Margetts, L. and Mummery, P.~M.},
title     = {Practical Application of the Stochastic Finite Element Method},
journal   = ArchivesofComputationalMethodsinEngineering,
year      = {2014},
volume    = {23},
number    = {1},
pages     = {171--190},
issn      = {1886-1784},
doi       = {10.1007/s11831-014-9139-3},
}
% journal   = {Archives of Computational Methods in Engineering},


%%%%%%%%%%%%%%%%%%%%%%%%%%%%%
% KARHUNEN-LOEVE EXPANSIONS %
%%%%%%%%%%%%%%%%%%%%%%%%%%%%%

@article{Uncertainty:Huang2001,
author    = {Huang, S.~P. and Quek, S.~T. and Phoon, K.~K.},
title     = {Convergence study of the truncated {K}arhunen--{L}oeve expansion for simulation of stochastic processes},
journal   = InternationalJournalforNumericalMethodsinEngineering,
year      = {2001},
volume    = {52},
number    = {9},
pages     = {1029--1043},
issn      = {1097-0207},
doi       = {10.1002/nme.255},
publisher = {John Wiley \& Sons, Ltd.},
}
% journal   = {International Journal for Numerical Methods in Engineering},

@article{Uncertainty:Betz2014,
author    = {Betz, W. and Papaioannou, I. and Straub, D.},
title     = {Numerical methods for the discretization of random fields by means of the {K}arhunen--{L}o\`{e}ve expansion},
journal   = ComputerMethodsinAppliedMechanicsandEngineering,
year      = {2014},
volume    = {271},
pages     = {109--129},
issn      = {0045-7825},
doi       = {10.1016/j.cma.2013.12.010},
}
% journal   = {Computer Methods in Applied Mechanics and Engineering},
% url       = {http://www.sciencedirect.com/science/article/pii/S0045782513003502},


%%%%%%%%%%%%%%%%%%%
% MODEL REDUCTION %
%%%%%%%%%%%%%%%%%%%

@book{Uncertainty:Qu2004,
author    = {Qu, Z.-Q.},
title     = {Model Order Reduction Techniques: With Applications in Finite Element Analysis},
publisher = {Springer-Verlag},
address   = {London, UK},
year      = {2004},
doi       = {10.1007/978-1-4471-3827-3},
}

@book{Uncertainty:Antoulas2005,
author    = {Antoulas, A.~C.},
title     = {Approximation of Large-Scale Dynamical Systems},
publisher = {Society for Industrial and Applied Mathematics (SIAM)},
address   = {Philadelphia, Pennsylvania, USA},
year      = {2005},
series    = {Advances in Design and Control},
doi       = {10.1137/1.9780898718713},
}

@book{Uncertainty:Schilders2008,
editor    = {Schilders, W.~H.~A. and van der Vorst, H.~A. and Rommes, J.},
title     = {Model Order Reduction: Theory, Research Aspects and Applications},
publisher = {Springer-Verlag Berlin Heidelberg},
year      = {2008},
series    = {Mathematics in Industry},
number    = {13},
doi       = {10.1007/978-3-540-78841-6},
}

% ACTIVE SUBSPACES

@book{Uncertainty:Constantine2015:a,
author    = {Constantine, P.~G.},
title     = {Active Subspaces: Emerging Ideas for Dimension Reduction in Parameter Studies},
publisher = {Society for Industrial and Applied Mathematics (SIAM)},
address   = {Philadelphia, Pennsylvania, USA},
year      = {2015},
series    = {SIAM Spotlights},
number    = {2},
doi       = {10.1137/1.9781611973860},
}
% url       = {http://epubs.siam.org/doi/abs/10.1137/1.9781611973860},
% eprint    = {http://epubs.siam.org/doi/pdf/10.1137/1.9781611973860},

@article{Uncertainty:Constantine2014,
author    = {Constantine, P.~G. and Dow, E. and Wang, Q.},
title     = {Active Subspace Methods in Theory and Practice: {A}pplications to {K}riging Surfaces},
journal   = SIAMJournalonScientificComputing,
year      = {2014},
volume    = {36},
number    = {4},
pages     = {1500--1524},
series    = {A},
doi       = {10.1137/130916138},
}
% journal   = {SIAM Journal on Scientific Computing},

@article{Uncertainty:Jefferson2015,
author    = {Jefferson, J.~L. and Gilbert, J.~M. and Constantine, P.~G. and Maxwell, R.~M.},
title     = {Active subspaces for sensitivity analysis and dimension reduction of an integrated hydrologic model},
journal   = ComputersGeosciences,
year      = {2015},
volume    = {83},
pages     = {127--138},
issn      = {0098-3004},
doi       = {10.1016/j.cageo.2015.07.001},
}
% journal   = {Computers \& Geosciences},
% url       = {http://www.sciencedirect.com/science/article/pii/S0098300415300091},

@article{Uncertainty:Constantine2015:b,
author    = {Constantine, P.~G. and Emory, M. and Larsson, J. and Iaccarino, G.},
title     = {Exploiting active subspaces to quantify uncertainty in the numerical simulation of the {H}y{S}hot {II} scramjet},
journal   = JournalofComputationalPhysics,
year      = {2015},
volume    = {302},
pages     = {1--20},
issn      = {0021-9991},
doi       = {10.1016/j.jcp.2015.09.001},
}
% journal   = {Journal of Computational Physics},
% url       = {http://www.sciencedirect.com/science/article/pii/S002199911500580X},

@article{Uncertainty:Constantine2017,
author    = {Constantine, P.~G. and Diaz, P.},
title     = {Global sensitivity metrics from active subspaces},
journal   = ReliabilityEngineeringSystemSafety,
year      = {2017},
volume    = {162},
pages     = {1--13},
issn      = {0951-8320},
doi       = {10.1016/j.ress.2017.01.013},
}
% journal   = {Reliability Engineering \& System Safety},
% url       = {http://www.sciencedirect.com/science/article/pii/S0951832016303052},


%%%%%%%%%%%%%%%%%%%%%%%%
% SENSITIVITY ANALYSIS %
%%%%%%%%%%%%%%%%%%%%%%%%

% HOEFFDING/ANOVA DECOMPOSITION

@article{Uncertainty:Hoeffding1948,
author    = {Hoeffding, W.},
title     = {A Class of Statistics with Asymptotically Normal Distribution},
journal   = TheAnnalsofMathematicalStatistics,
year      = {1948},
volume    = {19},
number    = {3},
pages     = {293--325},
doi       = {10.1214/aoms/1177730196},
publisher = {The Institute of Mathematical Statistics},
}
% journal   = {The Annals of Mathematical Statistics},

@article{Uncertainty:Efron1981,
author    = {Efron, B. and Stein, C.},
title     = {The Jackknife Estimate of Variance},
journal   = TheAnnalsofStatistics,
year      = {1981},
volume    = {9},
number    = {3},
pages     = {586--596},
doi       = {10.1214/aos/1176345462},
publisher = {The Institute of Mathematical Statistics},
}
% journal   = {The Annals of Statistics},

@article{Uncertainty:Sobol1993,
author    = {Sobol', I.~M.},
title     = {Sensitivity Estimates for Nonlinear Mathematical Models},
journal   = MathematicalModellingandComputationalExperiment,
year      = {1993},
volume    = {1},
number    = {4},
pages     = {407--414},
}
% journal   = {Mathematical Modelling and Computational Experiment},

@article{Uncertainty:Homma1996,
author    = {Homma, T. and Saltelli, A.},
title     = {Importance measures in global sensitivity analysis of nonlinear models},
journal   = ReliabilityEngineeringSystemSafety,
year      = {1996},
volume    = {52},
number    = {1},
pages     = {1--17},
issn      = {0951-8320},
doi       = {10.1016/0951-8320(96)00002-6},
}
% journal   = {Reliability Engineering \& System Safety},
% url       = {http://www.sciencedirect.com/science/article/pii/0951832096000026},

@article{Uncertainty:Archer1997,
author    = {Archer, G.~E.~B. and Saltelli, A. and Sobol, I.~M.},
title     = {Sensitivity measures, {ANOVA}-like techniques and the use of bootstrap},
journal   = JournalofStatisticalComputationandSimulation,
year      = {1997},
volume    = {58},
number    = {2},
pages     = {99--120},
doi       = {10.1080/00949659708811825},
}
% journal   = {Journal of Statistical Computation and Simulation},

@article{Uncertainty:Oakley2004,
author    = {Oakley, J.~E. and O'Hagan, A.},
title     = {Probabilistic sensitivity analysis of complex models: a {B}ayesian approach},
journal   = JournaloftheRoyalStatisticalSocietySeriesBStatisticalMethodology,
year      = {2004},
volume    = {66},
number    = {3},
pages     = {751--769},
issn      = {1467-9868},
doi       = {10.1111/j.1467-9868.2004.05304.x},
publisher = {Blackwell Publishing},
}
% journal   = {Journal of the Royal Statistical Society: Series B (Statistical Methodology)},

% COMPUTATION OF SOBOL INDICES

@article{Uncertainty:Sobol2001,
author    = {Sobol', I.~M.},
title     = {Global sensitivity indices for nonlinear mathematical models and their {M}onte {C}arlo estimates},
journal   = MathematicsandComputersinSimulation,
year      = {2001},
volume    = {55},
number    = {1--3},
pages     = {271--280},
issn      = {0378-4754},
doi       = {10.1016/S0378-4754(00)00270-6},
}
% journal   = {Mathematics and Computers in Simulation},
% note      = {The Second {IMACS} Seminar on {M}onte {C}arlo Methods},
% url       = {http://www.sciencedirect.com/science/article/pii/S0378475400002706},

@article{Uncertainty:Saltelli2002,
author    = {Saltelli, A.},
title     = {Making best use of model evaluations to compute sensitivity indices},
journal   = ComputerPhysicsCommunications,
year      = {2002},
volume    = {145},
number    = {2},
pages     = {280--297},
issn      = {0010-4655},
doi       = {10.1016/S0010-4655(02)00280-1},
}
% journal   = {Computer Physics Communications},
% url       = {http://www.sciencedirect.com/science/article/pii/S0010465502002801},

@article{Uncertainty:Saltelli2010,
author    = {Saltelli, A. and Annoni, P. and Azzini, I. and Campolongo, F. and Ratto, M. and Tarantola, S.},
title     = {Variance based sensitivity analysis of model output. {D}esign and estimator for the total sensitivity index},
journal   = ComputerPhysicsCommunications,
year      = {2010},
volume    = {181},
number    = {2},
pages     = {259--270},
issn      = {0010-4655},
doi       = {10.1016/j.cpc.2009.09.018},
}
% journal   = {Computer Physics Communications},
% url       = {http://www.sciencedirect.com/science/article/pii/S0010465509003087},

@article{Uncertainty:Dimov2010,
author    = {Dimov, I. and Georgieva, R.},
title     = {{M}onte {C}arlo algorithms for evaluating {S}obol' sensitivity indices},
journal   = MathematicsandComputersinSimulation,
year      = {2010},
volume    = {81},
number    = {3},
pages     = {506--514},
issn      = {0378-4754},
doi       = {10.1016/j.matcom.2009.09.005},
}
% journal   = {Mathematics and Computers in Simulation},
% url       = {http://www.sciencedirect.com/science/article/pii/S0378475409002936},
% note      = {The Sixth {IMACS} Seminar on {M}onte {C}arlo MethodsApplied Scientific Computing VII. Forward Numerical Grid Generation, Approximation and Simulation},

% MULTIVARIATE OUTPUT

@article{Uncertainty:Campbell2006,
author    = {Campbell, K. and McKay, M.~D. and Williams, B.~J.},
title     = {Sensitivity analysis when model outputs are functions},
journal   = ReliabilityEngineeringSystemSafety,
year      = {2006},
volume    = {91},
number    = {10--11},
pages     = {1468--1472},
issn      = {0951-8320},
doi       = {10.1016/j.ress.2005.11.049},
}
% journal   = {Reliability Engineering \& System Safety},
% url       = {http://www.sciencedirect.com/science/article/pii/S0951832005002565},
% note      = {The Fourth International Conference on Sensitivity Analysis of Model Output (SAMO 2004)},

@article{Uncertainty:GarciaCabrejo2014,
author    = {Garcia-Cabrejo, O. and Valocchi, A.},
title     = {Global Sensitivity Analysis for multivariate output using Polynomial Chaos Expansion},
journal   = ReliabilityEngineeringSystemSafety,
year      = {2014},
volume    = {126},
pages     = {25--36},
issn      = {0951-8320},
doi       = {10.1016/j.ress.2014.01.005},
}
% journal   = {Reliability Engineering \& System Safety},
% url       = {http://www.sciencedirect.com/science/article/pii/S0951832014000064},

@article{Uncertainty:Gamboa2013,
author    = {Gamboa, F. and Janon, A. and Klein, T. and Lagnoux, A.},
title     = {Sensitivity indices for multivariate outputs},
journal   = ComptesRendusMathematique,
year      = {2013},
volume    = {351},
number    = {7},
pages     = {307--310},
issn      = {1631-073X},
doi       = {10.1016/j.crma.2013.04.016},
}
% journal   = {Comptes Rendus Mathematique},
% url       = {http://www.sciencedirect.com/science/article/pii/S1631073X13000824},

@article{Uncertainty:Gamboa2014,
author    = {Gamboa, F. and Janon, A. and Klein, T. and Lagnoux, A.},
title     = {Sensitivity analysis for multidimensional and functional outputs},
journal   = ElectronicJournalofStatistics,
year      = {2014},
volume    = {8},
number    = {1},
pages     = {575--603},
doi       = {10.1214/14-EJS895},
publisher = {The Institute of Mathematical Statistics and the Bernoulli Society},
}
% journal   = {Electronic Journal of Statistics},

@article{Uncertainty:Li2016,
author    = {Li, L. and Lu, Z. and Wu, D.},
title     = {A new kind of sensitivity index for multivariate output},
journal   = ReliabilityEngineeringSystemSafety,
year      = {2016},
volume    = {147},
pages     = {123--131},
issn      = {0951-8320},
doi       = {10.1016/j.ress.2015.11.006},
}
% journal   = {Reliability Engineering \& System Safety},
% url       = {http://www.sciencedirect.com/science/article/pii/S0951832015003336},

@article{Uncertainty:Xiao2017,
author    = {Xiao, S. and Lu, Z. and Xu, L.},
title     = {Multivariate sensitivity analysis based on the direction of eigen space through principal component analysis},
journal   = ReliabilityEngineeringSystemSafety,
year      = {2017},
volume    = {165},
pages     = {1--10},
issn      = {0951-8320},
doi       = {10.1016/j.ress.2017.03.011},
}
% journal   = {Reliability Engineering \& System Safety},
% url       = {http://www.sciencedirect.com/science/article/pii/S0951832016302538},

% TIME-DEPENDENT OUTPUT

@article{Uncertainty:Lamboni2009,
author    = {Lamboni, M. and Makowski, D. and Lehuger, S. and Gabrielle, B. and Monod, H.},
title     = {Multivariate global sensitivity analysis for dynamic crop models},
journal   = FieldCropsResearch,
year      = {2009},
volume    = {113},
number    = {3},
pages     = {312--320},
issn      = {0378-4290},
doi       = {10.1016/j.fcr.2009.06.007},
}
% journal   = {Field Crops Research},
% url       = {http://www.sciencedirect.com/science/article/pii/S0378429009001531},

@article{Uncertainty:Lamboni2011,
author    = {Lamboni, M. and Monod, H. and Makowski, D.},
title     = {Multivariate sensitivity analysis to measure global contribution of input factors in dynamic models},
journal   = ReliabilityEngineeringSystemSafety,
year      = {2011},
volume    = {96},
number    = {4},
pages     = {450--459},
issn      = {0951-8320},
doi       = {10.1016/j.ress.2010.12.002},
}
% journal   = {Reliability Engineering \& System Safety},
% url       = {http://www.sciencedirect.com/science/article/pii/S0951832010002504},

@article{Uncertainty:Sumner2012,
author    = {Sumner, T. and Shephard, E. and Bogle, I.~D.~L.},
title     = {A methodology for global-sensitivity analysis of time-dependent outputs in systems biology modelling},
journal   = JournaloftheRoyalSocietyInterface,
year      = {2012},
volume    = {9},
number    = {74},
pages     = {2156--2166},
issn      = {1742-5689},
doi       = {10.1098/rsif.2011.0891},
publisher = {The Royal Society},
}
% journal   = {Journal of the Royal Society Interface},
% url       = {http://rsif.royalsocietypublishing.org/content/9/74/2156},
% eprint    = {http://rsif.royalsocietypublishing.org/content/9/74/2156.full.pdf},

@article{Uncertainty:Rohmer2014,
author    = {Rohmer, J.},
title     = {Dynamic sensitivity analysis of long-running landslide models through basis set expansion and meta-modelling},
journal   = NaturalHazards,
year      = {2014},
volume    = {73},
number    = {1},
pages     = {5--22},
issn      = {1573-0840},
doi       = {10.1007/s11069-012-0536-3},
}
% journal   = {Natural Hazards},

% SPATIAL OUTPUT

@article{Uncertainty:Marrel2011,
author    = {Marrel, A. and Iooss, B. and Jullien, M. and Laurent, B. and Volkova, E.},
title     = {Global sensitivity analysis for models with spatially dependent outputs},
journal   = Environmetrics,
year      = {2011},
volume    = {22},
number    = {3},
pages     = {383--397},
issn      = {1099-095X},
doi       = {10.1002/env.1071},
publisher = {John Wiley \& Sons, Ltd.},
}
% journal   = {Environmetrics},

@article{Uncertainty:Marrel2015,
author    = {Marrel, A. and Perot, N. and Mottet, C.},
title     = {Development of a surrogate model and sensitivity analysis for spatio-temporal numerical simulators},
journal   = StochasticEnvironmentalResearchandRiskAssessment,
year      = {2015},
volume    = {29},
number    = {3},
pages     = {959--974},
issn      = {1436-3259},
doi       = {10.1007/s00477-014-0927-y},
}
% journal   = {Stochastic Environmental Research and Risk Assessment},

% DERIVATIVE-BASED GLOBAL SENSITIVITY ANALYSIS

@article{Uncertainty:Sobol2009,
author    = {Sobol', I.~M. and Kucherenko, S.},
title     = {Derivative based global sensitivity measures and their link with global sensitivity indices},
journal   = MathematicsandComputersinSimulation,
year      = {2009},
volume    = {79},
number    = {10},
pages     = {3009--3017},
issn      = {0378-4754},
doi       = {10.1016/j.matcom.2009.01.023},
}
% journal   = {Mathematics and Computers in Simulation},
% url       = {http://www.sciencedirect.com/science/article/pii/S0378475409000354},

@article{Uncertainty:Kucherenko2009,
author    = {Kucherenko, S. and Rodriguez-Fernandez, M. and Pantelides, C. and Shah, N.},
title     = {{M}onte {C}arlo evaluation of derivative-based global sensitivity measures},
journal   = ReliabilityEngineeringSystemSafety,
year      = {2009},
volume    = {94},
number    = {7},
pages     = {1135--1148},
issn      = {0951-8320},
doi       = {10.1016/j.ress.2008.05.006},
}
% journal   = {Reliability Engineering & System Safety},
% note      = {Special Issue on Sensitivity Analysis},
% url       = {http://www.sciencedirect.com/science/article/pii/S095183200800152X},

@article{Uncertainty:Lamboni2013,
author    = {Lamboni, M. and Iooss, B. and Popelin, A.-L. and Gamboa, F.},
title     = {Derivative-based global sensitivity measures: {G}eneral links with {S}obol' indices and numerical tests},
journal   = MathematicsandComputersinSimulation,
year      = {2013},
volume    = {87},
pages     = {45--54},
issn      = {0378-4754},
doi       = {10.1016/j.matcom.2013.02.002},
}
% journal   = {Mathematics and Computers in Simulation},
% url       = {http://www.sciencedirect.com/science/article/pii/S0378475413000141},

% HIGH-DIMENSIONAL MODEL REPRESENTATION

@article{Uncertainty:Rabitz1999:a,
author    = {Rabitz, H. and Al{\i}\c{s}, \"{O}.~F. and Shorter, J. and Shim, K.},
title     = {Efficient input--output model representations},
journal   = ComputerPhysicsCommunications,
year      = {1999},
volume    = {117},
number    = {1},
pages     = {11--20},
issn      = {0010-4655},
doi       = {10.1016/S0010-4655(98)00152-0},
}
% journal   = {Computer Physics Communications},
% url       = {http://www.sciencedirect.com/science/article/pii/S0010465598001520},

@article{Uncertainty:Rabitz1999:b,
author    = {Rabitz, H. and Al{\i}\c{s}, \"{O}.~F.},
title     = {General foundations of high‐dimensional model representations},
journal   = JournalofMathematicalChemistry,
year      = {1999},
volume    = {25},
number    = {2},
pages     = {197--233},
issn      = {1572-8897},
doi       = {10.1023/A:1019188517934},
}
% journal   = {Journal of Mathematical Chemistry},

@article{Uncertainty:Alis2001,
author    = {Al{\i}\c{s}, \"{O}.~F. and Rabitz, H.},
title     = {Efficient Implementation of High Dimensional Model Representations},
journal   = JournalofMathematicalChemistry,
year      = {2001},
volume    = {29},
number    = {2},
pages     = {127--142},
issn      = {1572-8897},
doi       = {10.1023/A:1010979129659},
}
% journal   = {Journal of Mathematical Chemistry},

@article{Uncertainty:Li2001,
author    = {Li, G. and Rosenthal, C. and Rabitz, H.},
title     = {High Dimensional Model Representations},
journal   = TheJournalofPhysicalChemistryA,
year      = {2001},
volume    = {105},
number    = {33},
pages     = {7765--7777},
doi       = {10.1021/jp010450t},
}
% journal   = {The Journal of Physical Chemistry A},

@article{Uncertainty:Chowdhury2009:a,
author    = {Chowdhury, R. and Rao, B.~N.},
title     = {Assessment of high dimensional model representation techniques for reliability analysis},
journal   = ProbabilisticEngineeringMechanics,
year      = {2009},
volume    = {24},
number    = {1},
pages     = {100--115},
issn      = {0266-8920},
doi       = {10.1016/j.probengmech.2008.02.001},
}
% journal   = {Probabilistic Engineering Mechanics},
% url       = {http://www.sciencedirect.com/science/article/pii/S0266892008000350},

@article{Uncertainty:Chowdhury2009:b,
author    = {Chowdhury, R. and Rao, B.~N. and Prasad, A.~M.},
title     = {High-dimensional model representation for structural reliability analysis},
journal   = CommunicationsinNumericalMethodsinEngineering,
year      = {2009},
volume    = {25},
number    = {4},
pages     = {301--337},
issn      = {1099-0887},
doi       = {10.1002/cnm.1118},
publisher = {John Wiley \& Sons, Ltd.},
}
% journal   = {Communications in Numerical Methods in Engineering},

@article{Uncertainty:Chowdhury2010,
author    = {Chowdhury, R. and Adhikari, S.},
title     = {High dimensional model representation for stochastic finite element analysis},
journal   = AppliedMathematicalModelling,
year      = {2010},
volume    = {34},
number    = {12},
pages     = {3917--3932},
issn      = {0307-904X},
doi       = {10.1016/j.apm.2010.04.004},
}
% journal   = {Applied Mathematical Modelling},
% url       = {http://www.sciencedirect.com/science/article/pii/S0307904X10001472},

% CORRELATED/DEPENDENT INPUTS

@article{Uncertainty:Jacques2006,
author    = {Jacques, J. and Lavergne, C. and Devictor, N.},
title     = {Sensitivity analysis in presence of model uncertainty and correlated inputs},
journal   = ReliabilityEngineeringSystemSafety,
year      = {2006},
volume    = {91},
number    = {10--11},
pages     = {1126--1134},
issn      = {0951-8320},
doi       = {10.1016/j.ress.2005.11.047},
}
% journal   = {Reliability Engineering \& System Safety},
% url       = {http://www.sciencedirect.com/science/article/pii/S0951832005002231},
% note      = {The Fourth International Conference on Sensitivity Analysis of Model Output (SAMO 2004)},

@article{Uncertainty:Kucherenko2012,
author    = {Kucherenko, S. and Tarantola, S. and Annoni, P.},
title     = {Estimation of global sensitivity indices for models with dependent variables},
journal   = ComputerPhysicsCommunications,
year      = {2012},
volume    = {183},
number    = {4},
pages     = {937--946},
issn      = {0010-4655},
doi       = {10.1016/j.cpc.2011.12.020},
}
% journal   = {Computer Physics Communications},
% url       = {http://www.sciencedirect.com/science/article/pii/S0010465511004085},

@article{Uncertainty:Mara2012,
author    = {Mara, T.~A. and Tarantola, S.},
title     = {Variance-based sensitivity indices for models with dependent inputs},
journal   = ReliabilityEngineeringSystemSafety,
year      = {2012},
volume    = {107},
pages     = {115--121},
issn      = {0951-8320},
doi       = {10.1016/j.ress.2011.08.008},
}
% journal   = {Reliability Engineering \& System Safety},
% url       = {http://www.sciencedirect.com/science/article/pii/S0951832011001724},
% note      = {SAMO 2010},

@article{Uncertainty:Li2010,
author    = {Li, G. and Rabitz, H. and Yelvington, P.~E. and Oluwole, O.~O. and Bacon, F. and Kolb, C.~E. and Schoendorf, J.},
title     = {Global Sensitivity Analysis for Systems with Independent and/or Correlated Inputs},
journal   = TheJournalofPhysicalChemistryA,
year      = {2010},
volume    = {114},
number    = {19},
pages     = {6022--6032},
doi       = {10.1021/jp9096919},
}
% journal   = {The Journal of Physical Chemistry A},

@article{Uncertainty:Li2012:b,
author    = {Li, G. and Rabitz, H.},
title     = {General formulation of {HDMR} component functions with independent and correlated variables},
journal   = JournalofMathematicalChemistry,
year      = {2012},
volume    = {50},
number    = {1},
pages     = {99--130},
issn      = {1572-8897},
doi       = {10.1007/s10910-011-9898-0},
}
% journal   = {Journal of Mathematical Chemistry},

@article{Uncertainty:Chastaing2012,
author    = {Chastaing, G. and Gamboa, F. and Prieur, C.},
title     = {Generalized {H}oeffding-{S}obol decomposition for dependent variables - application to sensitivity analysis},
journal   = ElectronicJournalofStatistics,
year      = {2012},
volume    = {6},
pages     = {2420--2448},
doi       = {10.1214/12-EJS749},
publisher = {The Institute of Mathematical Statistics and the Bernoulli Society},
}
% journal   = {Electronic Journal of Statistics},

@article{Uncertainty:Chastaing2015,
author    = {Chastaing, G. and Gamboa, F. and Prieur, C.},
title     = {Generalized {S}obol sensitivity indices for dependent variables: numerical methods},
journal   = JournalofStatisticalComputationandSimulation,
year      = {2015},
volume    = {85},
number    = {7},
pages     = {1306--1333},
doi       = {10.1080/00949655.2014.960415},
}
% journal   = {Journal of Statistical Computation and Simulation},

