

%%%%%%%%%%%%%%%%
% OPTIMIZATION %
%%%%%%%%%%%%%%%%

% GENERAL

@book{Optim:Pedregal2004,
author    = {Pedregal, P.},
title     = {Introduction to Optimization},
publisher = {Springer-Verlag},
address   = {New York},
year      = {2004},
series    = {Texts in Applied Mathematics},
number    = {46},
doi       = {10.1007/b97412},
}

@book{Optim:Nocedal2006,
author    = {Nocedal, J. and Wright, S.~J.},
title     = {Numerical Optimization},
publisher = {Springer},
address   = {New York},
year      = {2006},
series    = {Springer Series in Operations Research and Financial Engineering},
doi       = {10.1007/978-0-387-40065-5},
}

@book{Optim:Chong2013,
author    = {Chong, E.~K.~P. and \.{Z}ak, S.~H.},
title     = {An Introduction to Optimization},
publisher = {John Wiley \& Sons, Inc.},
address   = {Hoboken, New Jersey, USA},
year      = {2013},
edition   = {4},
series    = {Wiley Series in Discrete Mathematics and Optimization},
}

% EVOLUTIONARY COMPUTING

@book{Optim:Eiben2015,
author    = {Eiben, A.~E. and Smith, J.~E.},
title     = {Introduction to Evolutionary Computing},
publisher = {Springer-Verlag Berlin Heidelberg},
year      = {2015},
edition   = {2},
series    = {Natural Computing Series},
doi       = {10.1007/978-3-662-44874-8},
}

% NONLINEAR PROGRAMMING

@book{Optim:Peressini1988,
author    = {Peressini, A.~L. and Sullivan, F.~E. and Uhl, J.~J.},
title     = {The Mathematics of Nonlinear Programming},
publisher = {Springer-Verlag},
address   = {New York},
year      = {1988},
series    = {Undergraduate Texts in Mathematics},
}

@book{Optim:Mangasarian1994,
author    = {Mangasarian, O.~L.},
title     = {Nonlinear Programming},
publisher = {Society for Industrial and Applied Mathematics (SIAM)},
address   = {Philadelphia, Pennsylvania, USA},
year      = {1994},
series    = {Classics in Applied Mathematics},
number    = {10},
doi       = {10.1137/1.9781611971255},
}

@book{Optim:Sun2006,
author    = {Sun, W. and Yuan, Y.-X.},
title     = {Optimization Theory and Methods: Nonlinear Programming},
publisher = {Springer},
address   = {New York},
year      = {2006},
series    = {Springer Optimization and Its Applications},
number    = {1},
doi       = {10.1007/b106451},
}

@book{Optim:Bazaraa2006,
author    = {Bazaraa, M.~S. and Sherali, H.~D. and Shetty, C.~M.},
title     = {Nonlinear Programming: Theory and Algorithms},
publisher = {John Wiley \& Sons, Inc.},
address   = {Hoboken, New Jersey, USA},
year      = {2006},
edition   = {3},
doi       = {10.1002/0471787779},
}

@book{Optim:Butenko2014,
author    = {Butenko, S. and Pardalos, P.~M.},
title     = {Numerical Methods and Optimization: An Introduction},
publisher = {CRC Press},
address   = {Boca Raton, Florida, USA},
year      = {2014},
series    = {Numerical Analysis and Scientific Computing},
}

@book{Optim:Zornig2014,
author    = {Z\"{o}rnig, P.},
title     = {Nonlinear Programming: An Introduction},
publisher = {Walter de Gruyter},
address   = {Berlin, Germany},
year      = {2014},
series    = {De Gruyter Textbook},
}

% CONVEX OPTIMIZATION

@book{Optim:Boyd2004,
author    = {Boyd, S. and Vandenberghe, L.},
title     = {Convex Optimization},
publisher = {Cambridge University Press},
address   = {Cambridge, UK},
year      = {2004},
}

% BLACK BOXES

@article{Optim:Jones1998,
author    = {Jones, D.~R. and Schonlau, M. and Welch, W.~J.},
title     = {Efficient Global Optimization of Expensive Black-Box Functions},
journal   = JournalofGlobalOptimization,
year      = {1998},
volume    = {13},
number    = {4},
pages     = {455--492},
issn      = {0925-5001},
doi       = {10.1023/A:1008306431147},
publisher = {Kluwer Academic Publishers},
}
% journal   = {Journal of Global Optimization},

% PATTERN SEARCH

@article{Optim:Hooke1961,
author    = {Hooke, R. and Jeeves, T.~A.},
title     = {``Direct Search'' Solution of Numerical and Statistical Problems},
journal   = JournaloftheACM,
year      = {1961},
volume    = {8},
number    = {2},
pages     = {212--229},
issn      = {0004-5411},
doi       = {10.1145/321062.321069},
publisher = {ACM},
address   = {New York},
}
% journal   = {Journal of the ACM},
% url       = {http://doi.acm.org/10.1145/321062.321069},

@article{Optim:Torczon1997,
author    = {Torczon, V.},
title     = {On the Convergence of Pattern Search Algorithms},
journal   = SIAMJournalonOptimization,
year      = {1997},
volume    = {7},
number    = {1},
pages     = {1--25},
doi       = {10.1137/S1052623493250780},
}
% journal   = {SIAM Journal on Optimization},

@article{Optim:Dolan2003,
author    = {Dolan, E.~D. and Lewis, R.~M. and Torczon, V.},
title     = {On the Local Convergence of Pattern Search},
journal   = SIAMJournalonOptimization,
year      = {2003},
volume    = {14},
number    = {2},
pages     = {567--583},
doi       = {10.1137/S1052623400374495},
}
% journal   = {SIAM Journal on Optimization},

@article{Optim:Audet2002,
author    = {Audet, C. and Dennis, J.~E.},
title     = {Analysis of Generalized Pattern Searches},
journal   = SIAMJournalonOptimization,
year      = {2002},
volume    = {13},
number    = {3},
pages     = {889--903},
doi       = {10.1137/S1052623400378742},
}
% journal   = {SIAM Journal on Optimization},

@article{Optim:Kolda2003,
author    = {Kolda, T.~G. and Lewis, R.~M. and Torczon, V.},
title     = {Optimization by Direct Search: {N}ew Perspectives on Some Classical and Modern Methods},
journal   = SIAMReview,
year      = {2003},
volume    = {45},
number    = {3},
pages     = {385--482},
doi       = {10.1137/S003614450242889},
}
% journal   = {SIAM Review},

% BFGS ALGORITHM

@article{Optim:Broyden1970:a,
author    = {Broyden, C.~G.},
title     = {The Convergence of a Class of Double-rank Minimization Algorithms 1. {G}eneral Considerations},
journal   = JournaloftheInstituteofMathematicsanditsApplications,
year      = {1970},
volume    = {6},
number    = {1},
pages     = {76--90},
doi       = {10.1093/imamat/6.1.76},
}
% journal   = {Journal of the Institute of Mathematics and its Applications},
% journal   = {IMA Journal of Applied Mathematics},
% url       = {http://imamat.oxfordjournals.org/content/6/1/76.abstract},
% eprint    = {http://imamat.oxfordjournals.org/content/6/1/76.full.pdf+html},

@article{Optim:Broyden1970:b,
author    = {Broyden, C.~G.},
title     = {The Convergence of a Class of Double-rank Minimization Algorithms 2. {T}he New Algorithm},
journal   = JournaloftheInstituteofMathematicsanditsApplications,
year      = {1970},
volume    = {6},
number    = {3},
pages     = {222--231},
doi       = {10.1093/imamat/6.3.222},
}
% journal   = {Journal of the Institute of Mathematics and its Applications},
% journal   = {IMA Journal of Applied Mathematics},
% url       = {http://imamat.oxfordjournals.org/content/6/3/222.abstract},
% eprint    = {http://imamat.oxfordjournals.org/content/6/3/222.full.pdf+html},

@article{Optim:Fletcher1970,
author    = {Fletcher, R.},
title     = {A new approach to variable metric algorithms},
journal   = TheComputerJournal,
year      = {1970},
volume    = {13},
number    = {3},
pages     = {317--322},
doi       = {10.1093/comjnl/13.3.317},
}
% journal   = {The Computer Journal},
% url       = {http://comjnl.oxfordjournals.org/content/13/3/317.abstract},
% eprint    = {http://comjnl.oxfordjournals.org/content/13/3/317.full.pdf+html},

@article{Optim:Goldfarb1970,
author    = {Goldfarb, D.},
title     = {A Family of Variable-Metric Methods Derived by Variational Means},
journal   = MathematicsofComputation,
year      = {1970},
volume    = {24},
number    = {109},
pages     = {23--26},
doi       = {10.1090/S0025-5718-1970-0258249-6},
}
% journal   = {Mathematics of Computation},

@article{Optim:Shanno1970,
author    = {Shanno, D.~F.},
title     = {Conditioning of Quasi-{N}ewton Methods for Function Minimization},
journal   = MathematicsofComputation,
year      = {1970},
volume    = {24},
number    = {111},
pages     = {647--656},
doi       = {10.1090/S0025-5718-1970-0274029-X},
}
% journal   = {Mathematics of Computation},

% DYNAMIC PROGRAMMING

@book{Optim:Bellman1957,
author    = {Bellman, R.},
title     = {Dynamic Programming},
publisher = {Princeton University Press},
address   = {Princeton, New Jersey, USA},
year      = {1957},
}

@book{Optim:Bellman1961,
author    = {Bellman, R.},
title     = {Adaptive Control Processes: A Guided Tour},
publisher = {Princeton University Press},
address   = {Princeton, New Jersey, USA},
year      = {1961},
}

% STOCHASTIC PROGRAMMING

@book{Optim:Prekopa1995,
author    = {Pr\'{e}kopa, A.},
title     = {Stochastic Programming},
publisher = {Kluwer Academic Publishers},
address   = {Dordrecht, Netherlands},
year      = {1995},
series    = {Mathematics and Its Applications},
number    = {324},
doi       = {10.1007/978-94-017-3087-7},
}

@book{Optim:Shapiro2014,
author    = {Shapiro, A. and Dentcheva, D. and Ruszczy\'{n}ski, A.},
title     = {Lectures on Stochastic Programming: Modeling and Theory},
publisher = {Society for Industrial and Applied Mathematics (SIAM)},
address   = {Philadelphia, Pennsylvania, USA},
year      = {2014},
edition   = {2},
series    = {MOS-SIAM Series on Optimization},
}

% SAMPLE AVERAGE APPROXIMATION

@article{Optim:Kleywegt2002,
author    = {Kleywegt, A.~J. and Shapiro, A. and Homem-de-Mello, T.},
title     = {The Sample Average Approximation Method for Stochastic Discrete Optimization},
journal   = SIAMJournalonOptimization,
year      = {2002},
volume    = {12},
number    = {2},
pages     = {479--502},
doi       = {10.1137/S1052623499363220},
}
% journal   = {SIAM Journal on Optimization},

@article{Optim:Nemirovski2009,
author    = {Nemirovski, A. and Juditsky, A. and Lan, G. and Shapiro, A.},
title     = {Robust Stochastic Approximation Approach to Stochastic Programming},
journal   = SIAMJournalonOptimization,
year      = {2009},
volume    = {19},
number    = {4},
pages     = {1574--1609},
doi       = {10.1137/070704277},
}
% journal   = {SIAM Journal on Optimization},

