

%%%%%%%%%%%%%
% STANDARDS %
%%%%%%%%%%%%%

% EUROCODE

@book{Standard:Eurocode6,
key       = {EN 1996},
title     = {Eurocode 6: {D}esign of masonry structures},
year      = {1995},
publisher = {European Committee for Standardization (CEN)},
address   = {Brussels, Belgium},
url       = {http://eurocodes.jrc.ec.europa.eu/},
}
% note      = {European Committee for Standardization (CEN), Brussels, Belgium},
% type      = {Norm},

@book{Standard:Eurocode6:1-1,
key       = {EN 1996-1-1},
title     = {Eurocode 6: {D}esign of masonry structures. {P}art 1-1: {G}eneral rules for reinforced and unreinforced masonry structures},
year      = {2005},
publisher = {European Committee for Standardization (CEN)},
address   = {Brussels, Belgium},
url       = {http://eurocodes.jrc.ec.europa.eu/},
}
% note      = {European Committee for Standardization (CEN), Brussels, Belgium},
% type      = {Norm},

% JCSS PROBABILISTIC MODEL CODE

@book{Standard:JCSSProbabilisticCode,
key       = {JCSS},
title     = {Probabilistic Model Code},
year      = {2001},
publisher = {Joint Committee on Structural Safety (JCSS)},
address   = {Z\"{u}rich, Switzerland},
url       = {http://www.jcss.byg.dtu.dk/},
}
% year      = {2006},
% note      = {Joint Committee on Structural Safety (JCSS), Z\"{u}rich (Switzerland)},
% type      = {Norm},

@book{Standard:JCSSProbabilisticCode:3-2,
key       = {JCSS-3-2},
title     = {Probabilistic Model Code. {P}art 3.2: {M}asonry Properties},
year      = {2011},
publisher = {Joint Committee on Structural Safety (JCSS)},
address   = {Z\"{u}rich, Switzerland},
url       = {http://www.jcss.byg.dtu.dk/},
}
% note      = {Joint Committee on Structural Safety (JCSS), Z\"{u}rich, Switzerland},
% type      = {Norm},

