

%%%%%%%%%
% BOOKS %
%%%%%%%%%

% CLASSICS

@book{Bayesian:Jeffreys1961,
author    = {Jeffreys, H.},
title     = {Theory of Probability},
publisher = {Oxford University Press},
address   = {Oxford, UK},
year      = {1961},
edition   = {3},
series    = {Oxford Classic Texts in the Physical Sciences},
}

@book{Bayesian:Lindley1972,
author    = {Lindley, D.~V.},
title     = {Bayesian Statistics: A Review},
publisher = {Society for Industrial and Applied Mathematics (SIAM)},
address   = {Philadelphia, Pennsylvania, USA},
year      = {1972},
series    = {CBMS-NSF Regional Conference Series in Applied Mathematics},
number    = {2},
doi       = {10.1137/1.9781611970654},
}

@book{Bayesian:Box1973,
author    = {Box, G.~E.~P. and Tiao, G.~C.},
title     = {Bayesian Inference in Statistical Analysis},
publisher = {Addison-Wesley Publishing Company, Inc.},
address   = {Reading, Massachusetts, USA},
year      = {1973},
series    = {Addison-Wesley Series in Behavioral Science: Quantitative Methods},
doi       = {10.1002/9781118033197},
}

@book{Bayesian:DeFinetti1974,
author    = {de Finetti, B.},
editor    = {Machi, A. and Smith, A.},
title     = {Theory of Probability: A critical introductory treatment},
volumes   = {2},
publisher = {John Wiley \& Sons, Ltd.},
address   = {Chichester, West Sussex, UK},
year      = {1974--1975},
series    = {Wiley Classics Library},
}

@book{Bayesian:Jaynes2003,
author    = {Jaynes, E.~T.},
editor    = {Bretthorst, G.~L.},
title     = {Probability Theory: The Logic of Science},
publisher = {Cambridge University Press},
address   = {Cambridge, UK},
year      = {2003},
doi       = {10.1017/CBO9780511790423},
}

@book{Bayesian:MacKay2003,
author    = {MacKay, D.~J.~C.},
title     = {Information Theory, Inference and Learning Algorithms},
publisher = {Cambridge University Press},
address   = {Cambridge, UK},
year      = {2003},
}

% GENERAL INTRODUCTIONS

@book{Bayesian:Hartigan1983,
author    = {Hartigan, J.~A.},
title     = {Bayes Theory},
publisher = {Springer-Verlag},
address   = {New York},
year      = {1983},
series    = {Springer Series in Statistics},
doi       = {10.1007/978-1-4613-8242-3},
}

@book{Bayesian:OHagan1994,
author    = {O'Hagan, A.},
title     = {Bayesian Inference},
publisher = {Edward Arnold Publishers Ltd},
address   = {London, UK},
year      = {1994},
series    = {Kendall's Advanced Theory of Statistics},
number    = {2B},
}

@book{Bayesian:Bernardo2000,
author    = {Bernardo, J.~M. and Smith, A.~F.~M.},
title     = {Bayesian Theory},
publisher = {John Wiley \& Sons, Ltd.},
address   = {Chichester, West Sussex, UK},
year      = {2000},
series    = {Wiley Series in Probability and Statistics},
doi       = {10.1002/9780470316870},
}

@book{Bayesian:Ghosh2006,
author    = {Ghosh, J.~K. and Delampady, M. and Samanta, T.},
title     = {An Introduction to Bayesian Analysis: Theory and Methods},
publisher = {Springer},
address   = {New York},
year      = {2006},
series    = {Springer Texts in Statistics},
doi       = {10.1007/978-0-387-35433-0},
}

@book{Bayesian:Bolstad2007,
author    = {Bolstad, W.~M.},
title     = {Introduction to Bayesian Statistics},
publisher = {John Wiley \& Sons, Inc.},
address   = {Hoboken, New Jersey, USA},
year      = {2007},
edition   = {2},
doi       = {10.1002/9780470181188},
}

@book{Bayesian:Bolstad2017,
author    = {Bolstad, W.~M. and Curran, J.~M.},
title     = {Introduction to Bayesian Statistics},
publisher = {John Wiley \& Sons, Inc.},
address   = {Hoboken, New Jersey, USA},
year      = {2017},
edition   = {3},
doi       = {10.1002/9781118593165},
}

@book{Bayesian:Bolstad2010,
author    = {Bolstad, W.~M.},
title     = {Understanding Computational Bayesian Statistics},
publisher = {John Wiley \& Sons, Inc.},
address   = {Hoboken, New Jersey, USA},
year      = {2010},
series    = {Wiley Series in Computational Statistics},
doi       = {10.1002/9780470567371},
}

@book{Bayesian:Hoff2009,
author    = {Hoff, P.~D.},
title     = {A First Course in Bayesian Statistical Methods},
publisher = {Springer},
address   = {New York},
year      = {2009},
series    = {Springer Texts in Statistics},
doi       = {10.1007/978-0-387-92407-6},
}

@book{Bayesian:Congdon2006,
author    = {Congdon, P.},
title     = {Bayesian Statistical Modelling},
publisher = {John Wiley \& Sons, Ltd.},
address   = {Chichester, West Sussex, UK},
year      = {2006},
edition   = {2},
series    = {Wiley Series in Probability and Statistics},
doi       = {10.1002/9780470035948},
}

@book{Bayesian:Carlin2009,
author    = {Carlin, B.~P. and Louis, T.~A.},
title     = {Bayesian Methods for Data Analysis},
publisher = {Chapman \& Hall/CRC},
address   = {Boca Raton, Florida, USA},
year      = {2009},
edition   = {3},
series    = {Texts in Statistical Science},
number    = {78},
}

@book{Bayesian:Christensen2011,
author    = {Christensen, R. and Johnson, W. and Branscum, A. and Hanson, T.~E.},
title     = {Bayesian Ideas and Data Analysis: An Introduction for Scientists and Statisticians},
publisher = {CRC Press},
address   = {Boca Raton, Florida, USA},
year      = {2011},
series    = {Texts in Statistical Science},
}

@book{Bayesian:Savchuk2011,
author    = {Savchuk, V.~P. and Tsokos, C.~P.},
title     = {Bayesian Theory and Methods with Applications},
publisher = {Atlantis Press},
address   = {Paris, France},
year      = {2011},
series    = {Atlantis Studies in Probability and Statistics},
number    = {1},
doi       = {10.2991/978-94-91216-14-5},
}

@book{Bayesian:Gelman2003:2nd,
author    = {Gelman, A. and Carlin, J.~B. and Stern, H.~S. and Rubin, D.~B.},
title     = {Bayesian Data Analysis},
publisher = {Chapman \& Hall/CRC},
address   = {Boca Raton, Florida, USA},
year      = {2003},
edition   = {2},
series    = {Texts in Statistical Science},
}

@book{Bayesian:Gelman2014:3rd,
author    = {Gelman, A. and Carlin, J.~B. and Stern, H.~S. and Dunson, D.~B. and Vehtari, A. and Rubin, D.~B.},
title     = {Bayesian Data Analysis},
publisher = {CRC Press},
address   = {Boca Raton, Florida, USA},
year      = {2014},
edition   = {3},
series    = {Texts in Statistical Science},
}

@book{Bayesian:Congdon2014,
author    = {Congdon, P.},
title     = {Applied Bayesian Modelling},
publisher = {John Wiley \& Sons, Ltd.},
address   = {Chichester, West Sussex, UK},
year      = {2014},
edition   = {2},
series    = {Wiley Series in Probability and Statistics},
doi       = {10.1002/9781118895047},
}

@book{Bayesian:McElreath2016,
author    = {McElreath, R.},
title     = {Statistical Rethinking: A Bayesian Course with Examples in R and Stan},
publisher = {CRC Press},
address   = {Boca Raton, Florida, USA},
year      = {2016},
series    = {Texts in Statistical Science},
}

% SOCIAL SCIENCES

@book{Bayesian:Jackman2009,
author    = {Jackman, S.},
title     = {Bayesian Analysis for the Social Sciences},
publisher = {John Wiley \& Sons, Ltd.},
address   = {Chichester, West Sussex, UK},
year      = {2009},
series    = {Wiley Series in Probability and Statistics},
doi       = {10.1002/9780470686621},
}

@book{Bayesian:Gill2015,
author    = {Gill, J.},
title     = {Bayesian Methods: A Social and Behavioral Sciences Approach},
publisher = {CRC Press},
address   = {Boca Raton, Florida, USA},
year      = {2015},
edition   = {3},
series    = {Statistics in the Social and Behavioral Sciences Series},
}

% BIOSTATISTICS

@book{Bayesian:Lesaffre2012,
author    = {Lesaffre, E. and Lawson, A.~B.},
title     = {Bayesian Biostatistics},
publisher = {John Wiley \& Sons, Ltd.},
address   = {Chichester, West Sussex, UK},
year      = {2012},
series    = {Statistics in Practice},
doi       = {10.1002/9781119942412},
}

% PHYSICS

@book{Bayesian:Gregory2005,
author    = {Gregory, P.},
title     = {Bayesian Logical Data Analysis for the Physical Sciences: A Comparative Approach with Mathematica Support},
publisher = {Cambridge University Press},
address   = {Cambridge, UK},
year      = {2005},
doi       = {10.1017/CBO9780511791277},
}

@book{Bayesian:Linden2014,
author    = {von der Linden, W. and Dose, V. and von Toussaint, U.},
title     = {Bayesian Probability Theory: Applications in the Physical Sciences},
publisher = {Cambridge University Press},
address   = {Cambridge, UK},
year      = {2014},
doi       = {10.1017/CBO9781139565608},
}

@book{Bayesian:Andreon2015,
author    = {Andreon, S. and Weaver, B.},
title     = {Bayesian Methods for the Physical Sciences: Learning from Examples in Astronomy and Physics},
publisher = {Springer International Publishing},
address   = {Cham, Switzerland},
year      = {2015},
series    = {Springer Series in Astrostatistics},
number    = {4},
doi       = {10.1007/978-3-319-15287-5},
}

% ENGINEERING

@book{Bayesian:Yuen2010:a,
author    = {Yuen, K.-V.},
title     = {Bayesian Methods for Structural Dynamics and Civil Engineering},
publisher = {John Wiley \& Sons (Asia) Pte Ltd},
address   = {Singapore},
year      = {2010},
doi       = {10.1002/9780470824566},
}

@book{Bayesian:Nichols2016,
author    = {Nichols, J.~M. and Murphy, K.~D.},
title     = {Modeling and Estimation of Structural Damage},
publisher = {John Wiley \& Sons, Ltd.},
address   = {Chichester, West Sussex, UK},
year      = {2016},
doi       = {10.1002/9781118776995},
}

@book{Bayesian:Chatzi2016,
editor    = {Chatzi, E. and Papadimitriou, C.},
title     = {Identification Methods for Structural Health Monitoring},
publisher = {Springer International Publishing},
address   = {Cham, Switzerland},
year      = {2016},
series    = {CISM International Centre for Mechanical Sciences},
number    = {567},
doi       = {10.1007/978-3-319-32077-9},
}

@incollection{Bayesian:Simoen2016,
author    = {Simoen, E. and Lombaert, G.},
title     = {{B}ayesian Parameter Estimation},
editor    = {Chatzi, E. and Papadimitriou, C.},
booktitle = {Identification Methods for Structural Health Monitoring},
publisher = {Springer International Publishing},
address   = {Cham, Switzerland},
year      = {2016},
series    = {CISM International Centre for Mechanical Sciences},
number    = {567},
pages     = {89--115},
doi       = {10.1007/978-3-319-32077-9_4},
}

@incollection{Bayesian:Papadimitriou2016,
author    = {Papadimitriou, C.},
title     = {{B}ayesian Uncertainty Quantification and Propagation ({UQ}+{P}): State-of-the-Art Tools for Linear and Nonlinear Structural Dynamics Models},
editor    = {Chatzi, E. and Papadimitriou, C.},
booktitle = {Identification Methods for Structural Health Monitoring},
publisher = {Springer International Publishing},
address   = {Cham, Switzerland},
year      = {2016},
series    = {CISM International Centre for Mechanical Sciences},
number    = {567},
pages     = {137--170},
doi       = {10.1007/978-3-319-32077-9_6},
}

% MORE TECHNICAL

@book{Bayesian:Florens1990,
author    = {Florens, J.-P. and Mouchart, M. and Rolin, J.-M.},
title     = {Elements of Bayesian Statistics},
publisher = {Marcel Dekker, Inc.},
address   = {New York},
year      = {1990},
series    = {Monographs and Textbooks in Pure and Applied Mathematics},
}
% series    = {Pure and Applied Mathematics},
% series    = {Pure and Applied Mathematics: A Series of Monographs and Textbooks},
% series    = {Pure and Applied Mathematics: A Program of Monographs, Textbooks, and Lecture Notes},

% DECISION THEORY

@book{Bayesian:Berger1985,
author    = {Berger, J.~O.},
title     = {Statistical Decision Theory and Bayesian Analysis},
publisher = {Springer-Verlag},
address   = {New York},
year      = {1985},
edition   = {2},
series    = {Springer Series in Statistics},
doi       = {10.1007/978-1-4757-4286-2},
}

@book{Bayesian:Robert2007,
author    = {Robert, C.~P.},
title     = {The Bayesian Choice: From Decision-Theoretic Foundations to Computational Implementation},
publisher = {Springer},
address   = {New York},
year      = {2007},
edition   = {2},
series    = {Springer Texts in Statistics},
doi       = {10.1007/0-387-71599-1},
}

@book{Bayesian:Harney2003,
author    = {Harney, H.~L.},
title     = {Bayesian Inference: Parameter Estimation and Decisions},
publisher = {Springer-Verlag Berlin Heidelberg},
year      = {2003},
series    = {Advanced Texts in Physics},
doi       = {10.1007/978-3-662-06006-3},
}

@book{Bayesian:Harney2016,
author    = {Harney, H.~L.},
title     = {Bayesian Inference: Data Evaluation and Decisions},
publisher = {Springer International Publishing},
address   = {Cham, Switzerland},
year      = {2016},
edition   = {2},
doi       = {10.1007/978-3-319-41644-1},
}

% BAYESIAN COMPUTING

@book{Bayesian:Calvetti2007,
author    = {Calvetti, D. and Somersalo, E.},
title     = {Introduction to Bayesian Scientific Computing: Ten Lectures on Subjective Computing},
publisher = {Springer},
address   = {New York},
year      = {2007},
series    = {Surveys and Tutorials in the Applied Mathematical Sciences},
number    = {2},
doi       = {10.1007/978-0-387-73394-4},
}

% DATA ASSIMILATION

@book{Bayesian:Kalnay2002,
author    = {Kalnay, E.},
title     = {Atmospheric Modeling, Data Assimilation and Predictability},
publisher = {Cambridge University Press},
address   = {Cambridge, UK},
year      = {2002},
doi       = {10.1017/CBO9780511802270},
}

@book{Bayesian:Evensen2009,
author    = {Evensen, G.},
title     = {Data Assimilation: The Ensemble Kalman Filter},
publisher = {Springer-Verlag Berlin Heidelberg},
year      = {2009},
edition   = {2},
doi       = {10.1007/978-3-642-03711-5},
}

@book{Bayesian:Lewis2006,
author    = {Lewis, J.~M. and Lakshmivarahan, S. and Dhall, S.},
title     = {Dynamic Data Assimilation: A Least Squares Approach},
publisher = {Cambridge University Press},
address   = {Cambridge, UK},
year      = {2006},
series    = {Encyclopedia of Mathematics and its Applications},
number    = {104},
doi       = {10.1017/CBO9780511526480},
}

@book{Bayesian:Lahoz2010,
editor    = {Lahoz, W. and Khattatov, B. and M\'{e}nard, R.},
title     = {Data Assimilation: Making Sense of Observations},
publisher = {Springer-Verlag Berlin Heidelberg},
year      = {2010},
doi       = {10.1007/978-3-540-74703-1},
}

@incollection{Bayesian:Navon2009,
author    = {Navon, I.~M.},
title     = {Data Assimilation for Numerical Weather Prediction: A Review},
booktitle = {Data Assimilation for Atmospheric, Oceanic and Hydrologic Applications},
editor    = {Park, S.~K. and Xu, L.},
year      = {2009},
pages     = {21--65},
publisher = {Springer-Verlag Berlin Heidelberg},
doi       = {10.1007/978-3-540-71056-1_2},
}

@book{Bayesian:Cacuci2014,
author    = {Cacuci, D.~G. and Navon, I.~M. and Ionescu-Bujor, M.},
title     = {Computational Methods for Data Evaluation and Assimilation},
publisher = {CRC Press},
address   = {Boca Raton, Florida, USA},
year      = {2014},
doi       = {10.1201/b15334},
}

@book{Bayesian:Reich2015,
author    = {Reich, S. and Cotter, C.},
title     = {Probabilistic Forecasting and Bayesian Data Assimilation},
publisher = {Cambridge University Press},
address   = {Cambridge, UK},
year      = {2015},
doi       = {10.1017/CBO9781107706804},
}

@book{Bayesian:VanLeeuwen2015,
author    = {Van Leeuwen, P.~J. and Cheng, Y. and Reich, S.},
title     = {Nonlinear Data Assimilation},
publisher = {Springer International Publishing},
address   = {Cham, Switzerland},
year      = {2015},
series    = {Frontiers in Applied Dynamical Systems: Reviews and Tutorials},
number    = {2},
doi       = {10.1007/978-3-319-18347-3},
}

@book{Bayesian:Law2015,
author    = {Law, K. and Stuart, A. and Zygalakis, K.},
title     = {Data Assimilation: A Mathematical Introduction},
publisher = {Springer International Publishing},
address   = {Cham, Switzerland},
year      = {2015},
series    = {Texts in Applied Mathematics},
number    = {62},
doi       = {10.1007/978-3-319-20325-6},
}

@book{Bayesian:Asch2016,
author    = {Asch, M. and Bocquet, M. and Nodet, M.},
title     = {Data Assimilation: Methods, Algorithms, and Applications},
publisher = {Society for Industrial and Applied Mathematics (SIAM)},
address   = {Philadelphia, Pennsylvania, USA},
year      = {2016},
series    = {Fundamentals of Algorithms},
number    = {11},
doi       = {10.1137/1.9781611974546},
}

% BAYESIAN FILTERING & SIGNAL PROCESSING

@book{Bayesian:ORuanaidh1996,
author    = {\'{O} Ruanaidh, J.~J.~K. and Fitzgerald, W.~J.},
title     = {Numerical Bayesian Methods Applied to Signal Processing},
publisher = {Springer-Verlag},
address   = {New York},
year      = {1996},
series    = {Statistics and Computing},
doi       = {10.1007/978-1-4612-0717-7},
}

@book{Bayesian:Candy2006,
author    = {Candy, J.~V.},
title     = {Model-Based Signal Processing},
publisher = {John Wiley \& Sons, Inc.},
address   = {Hoboken, New Jersey, USA},
year      = {2006},
series    = {Wiley Series in Adaptive and Learning Systems for Signal Processing, Communication and Control},
doi       = {10.1002/0471732672},
}

@book{Bayesian:Bain2009,
author    = {Bain, A. and Crisan, D.},
title     = {Fundamentals of Stochastic Filtering},
publisher = {Springer},
address   = {New York},
year      = {2009},
series    = {Stochastic Modelling and Applied Probability},
number    = {60},
doi       = {10.1007/978-0-387-76896-0},
}

@book{Bayesian:Prado2010,
author    = {Prado, R. and West, M.},
title     = {Time Series: Modeling, Computation, and Inference},
publisher = {Chapman \& Hall/CRC},
address   = {Boca Raton, Florida, USA},
year      = {2010},
series    = {Texts in Statistical Science},
}

@book{Bayesian:Haug2012,
author    = {Haug, A.~J.},
title     = {Bayesian Estimation and Tracking: A Practical Guide},
publisher = {John Wiley \& Sons, Inc.},
address   = {Hoboken, New Jersey, USA},
year      = {2012},
doi       = {10.1002/9781118287798},
}

@book{Bayesian:Sarkka2013,
author    = {S\"{a}rkk\"{a}, S.},
title     = {Bayesian Filtering and Smoothing},
publisher = {Cambridge University Press},
address   = {Cambridge, UK},
year      = {2013},
series    = {Institute of Mathematical Statistics Textbooks},
doi       = {10.1017/CBO9781139344203},
}

@book{Bayesian:Candy2016,
author    = {Candy, J.~V.},
title     = {Bayesian Signal Processing: Classical, Modern and Particle Filtering Methods},
publisher = {John Wiley \& Sons, Inc.},
address   = {Hoboken, New Jersey, USA},
year      = {2016},
edition   = {2},
series    = {Wiley Series on Adaptive and Cognitive Dynamic Systems},
doi       = {10.1002/9781119125495},
}

% ITEM RESPONSE MODELING

@book{Bayesian:Fox2010,
author    = {Fox, J.-P.},
title     = {Bayesian Item Response Modeling: Theory and Applications},
publisher = {Springer},
address   = {New York},
year      = {2010},
series    = {Statistics for Social and Behavioral Sciences},
doi       = {10.1007/978-1-4419-0742-4},
}

% HIERARCHICAL MODELING

@book{Bayesian:Congdon2010,
author    = {Congdon, P.~D.},
title     = {Applied Bayesian Hierarchical Methods},
publisher = {Chapman \& Hall/CRC},
address   = {Boca Raton, Florida, USA},
year      = {2010},
doi       = {10.1201/9781584887218},
}

@incollection{Bayesian:Draper2008,
author    = {Draper, D.},
title     = {{B}ayesian Multilevel Analysis and {MCMC}},
editor    = {Leeuw, J. and Meijer, E.},
booktitle = {Handbook of Multilevel Analysis},
pages     = {77--139},
year      = {2008},
publisher = {Springer},
address   = {New York},
doi       = {10.1007/978-0-387-73186-5_2},
}

% STOCHASTIC PROCESSES

@book{Bayesian:Insua2012,
editor    = {Insua, D.~R. and Ruggeri, F. and Wiper, M.~P.},
title     = {Bayesian Analysis of Stochastic Process Models},
publisher = {John Wiley \& Sons, Ltd.},
address   = {Chichester, West Sussex, UK},
year      = {2012},
series    = {Wiley Series in Probability and Statistics},
doi       = {10.1002/9780470975916},
}

@book{Bayesian:Fuchs2013,
author    = {Fuchs, C.},
title     = {Inference for Diffusion Processes: With Applications in Life Sciences},
publisher = {Springer-Verlag Berlin Heidelberg},
year      = {2013},
doi       = {10.1007/978-3-642-25969-2},
}

@book{Bayesian:Rao2014,
author    = {Rao, M.~M.},
title     = {Stochastic Processes: Inference Theory},
publisher = {Springer International Publishing},
address   = {Cham, Switzerland},
year      = {2014},
edition   = {2},
series    = {Springer Monographs in Mathematics},
doi       = {10.1007/978-3-319-12172-7},
}

% BAYESIAN NONPARAMETRICS

@book{Bayesian:Gine2016,
author    = {Gin\'{e}, E. and Nickl, R.},
title     = {Mathematical Foundations of Infinite-Dimensional Statistical Models},
publisher = {Cambridge University Press},
address   = {New York},
year      = {2016},
series    = {Cambridge Series in Statistical and Probabilistic Mathematics},
doi       = {10.1017/CBO9781107337862},
}

@book{Bayesian:Muller2015,
author    = {M\"{u}ller, P. and Quintana, F.~A. and Jara, A. and Hanson, T.},
title     = {Bayesian Nonparametric Data Analysis},
publisher = {Springer International Publishing},
address   = {Cham, Switzerland},
year      = {2015},
series    = {Springer Series in Statistics},
doi       = {10.1007/978-3-319-18968-0},
}

@book{Bayesian:Phadia2016,
author    = {Phadia, E.~G.},
title     = {Prior Processes and Their Applications: Nonparametric Bayesian Estimation},
publisher = {Springer International Publishing},
address   = {Cham, Switzerland},
year      = {2016},
edition   = {2},
series    = {Springer Series in Statistics},
doi       = {10.1007/978-3-319-32789-1},
}

% BAYES LINEAR STATISTICS

@book{Bayesian:Goldstein2007,
author    = {Goldstein, M. and Wooff, D.},
title     = {Bayes Linear Statistics: Theory and Methods},
publisher = {John Wiley \& Sons, Ltd.},
address   = {Chichester, West Sussex, UK},
year      = {2007},
series    = {Wiley Series in Probability and Statistics},
doi       = {10.1002/9780470065662},
}


%%%%%%%%%%%%
% ARTICLES %
%%%%%%%%%%%%

% HISTORICAL

@article{Bayesian:Bayes1763,
author    = {Bayes, Mr. and Price, Mr.},
title     = {An Essay towards Solving a Problem in the Doctrine of Chances. By the Late Rev.\ Mr.\ Bayes, F.~R.~S. Communicated by Mr.\ Price, in a Letter to John Canton, A.~M.~F.~R.~S.},
journal   = PhilosophicalTransactions,
year      = {1763},
volume    = {53},
pages     = {370--418},
doi       = {10.1098/rstl.1763.0053},
}
% journal   = {Philosophical Transactions},
% url       = {http://rstl.royalsocietypublishing.org/content/53/370.short},
% eprint    = {http://rstl.royalsocietypublishing.org/content/53/370.full.pdf+html},

@article{Bayesian:Stigler1983,
author    = {Stigler, S.~M.},
title     = {Who Discovered {B}ayes's Theorem?},
journal   = TheAmericanStatistician,
year      = {1983},
volume    = {37},
number    = {4},
pages     = {290--296},
issn      = {00031305},
doi       = {10.2307/2682766},
publisher = {Taylor \& Francis, Ltd. on behalf of the American Statistical Association},
}
% journal   = {The American Statistician},
% url       = {http://www.jstor.org/stable/2682766},

@article{Bayesian:Dale1988,
author    = {Dale, A.~I.},
title     = {On {B}ayes' theorem and the inverse {B}ernoulli theorem},
journal   = HistoriaMathematica,
year      = {1988},
volume    = {15},
number    = {4},
pages     = {348--360},
issn      = {0315-0860},
doi       = {10.1016/0315-0860(88)90026-2},
}
% journal   = {Historia Mathematica},
% url       = {http://www.sciencedirect.com/science/article/pii/0315086088900262},

@article{Bayesian:Efron2005,
author    = {Efron, B.},
title     = {{B}ayesians, Frequentists, and Scientists},
journal   = JournaloftheAmericanStatisticalAssociation,
year      = {2005},
volume    = {100},
number    = {469},
pages     = {1--5},
doi       = {10.1198/016214505000000033},
}
% journal   = {Journal of the American Statistical Association},

% REVIEW

@article{Bayesian:Besag1995,
author    = {Besag, J. and Green, P. and Higdon, D. and Mengersen, K.},
title     = {{B}ayesian Computation and Stochastic Systems},
journal   = StatisticalScience,
year      = {1995},
volume    = {10},
number    = {1},
pages     = {3--41},
doi       = {10.1214/ss/1177010123},
publisher = {The Institute of Mathematical Statistics},
}
% journal   = {Statistical Science},

@article{Bayesian:Evans1995,
author    = {Evans, M. and Swartz, T.},
title     = {Methods for Approximating Integrals in Statistics with Special Emphasis on {B}ayesian Integration Problems},
journal   = StatisticalScience,
year      = {1995},
volume    = {10},
number    = {3},
pages     = {254--272},
doi       = {10.1214/ss/1177009938},
publisher = {The Institute of Mathematical Statistics},
}
% journal   = {Statistical Science},

@article{Bayesian:Andrieu2004,
author    = {Andrieu, C. and Doucet, A. and Robert, C.~P.},
title     = {Computational Advances for and from {B}ayesian Analysis},
journal   = StatisticalScience,
year      = {2004},
volume    = {19},
number    = {1},
pages     = {118--127},
doi       = {10.1214/088342304000000071},
publisher = {The Institute of Mathematical Statistics},
}
% journal   = {Statistical Science},

@article{Bayesian:Green2015,
author    = {Green, P.~J. and \L{}atuszy\'{n}ski, K. and Pereyra, M. and Robert, C.~P.},
title     = {{B}ayesian computation: a summary of the current state, and samples backwards and forwards},
journal   = StatisticsandComputing,
year      = {2015},
volume    = {25},
number    = {4},
pages     = {835--862},
issn      = {0960-3174},
doi       = {10.1007/s11222-015-9574-5},
publisher = {Springer US},
}
% journal   = {Statistics and Computing},

% ANDREW GELMAN

@article{Bayesian:Gelman2004,
author     = {Gelman, A.},
title      = {Parameterization and {B}ayesian Modeling},
journal    = JournaloftheAmericanStatisticalAssociation,
year       = {2004},
volume     = {99},
number     = {466},
pages      = {537--545},
doi        = {10.1198/016214504000000458},
}
% journal    = {Journal of the American Statistical Association},

@article{Bayesian:Gelman2009,
author    = {Gelman, A.},
title     = {{B}ayes, {J}effreys, Prior Distributions and the Philosophy of Statistics},
journal   = StatisticalScience,
year      = {2009},
volume    = {24},
number    = {2},
pages     = {176--178},
doi       = {10.1214/09-STS284D},
}
% journal   = {Statistical Science},

@article{Bayesian:Gelman2013,
author    = {Gelman, A. and Shalizi, C.~R.},
title     = {Philosophy and the practice of {B}ayesian statistics},
journal   = BritishJournalofMathematicalandStatisticalPsychology,
year      = {2013},
volume    = {66},
number    = {1},
pages     = {8--38},
issn      = {2044-8317},
doi       = {10.1111/j.2044-8317.2011.02037.x},
publisher = {Blackwell Publishing Ltd.},
}
% journal   = {British Journal of Mathematical and Statistical Psychology},

% PHYSICS APPLICATIONS

@article{Bayesian:Dose2003,
author    = {Dose, V.},
title     = {{B}ayesian inference in physics: case studies},
journal   = ReportsonProgressinPhysics,
year      = {2003},
volume    = {66},
number    = {9},
pages     = {1421--1461},
doi       = {10.1088/0034-4885/66/9/202},
}
% journal   = {Reports on Progress in Physics},
% url       = {http://stacks.iop.org/0034-4885/66/i=9/a=202},

@article{Bayesian:Toussaint2011,
author    = {von Toussaint, U.},
title     = {{B}ayesian inference in physics},
journal   = ReviewsofModernPhysics,
year      = {2011},
volume    = {83},
number    = {3},
pages     = {943--999},
doi       = {10.1103/RevModPhys.83.943},
publisher = {American Physical Society},
}
% journal   = {Reviews of Modern Physics}
% url       = {http://link.aps.org/doi/10.1103/RevModPhys.83.943},

% DATA ASSIMILATION

@article{Bayesian:Apte2008,
author    = {Apte, A. and Jones, C.~K.~R.~T. and Stuart, A.~M. and Voss, J.},
title     = {Data assimilation: {M}athematical and statistical perspectives},
journal   = InternationalJournalforNumericalMethodsinFluids,
year      = {2008},
volume    = {56},
number    = {8},
pages     = {1033--1046},
issn      = {1097-0363},
doi       = {10.1002/fld.1698},
publisher = {John Wiley \& Sons, Ltd.},
}
% journal   = {International Journal for Numerical Methods in Fluids},

% KALMAN FILTER

@article{Bayesian:Kalman1960,
author    = {Kalman, R.~E.},
title     = {A New Approach to Linear Filtering and Prediction Problems},
journal   = JournalofBasicEngineering,
year      = {1960},
volume    = {82},
number    = {1},
pages     = {35--45},
issn      = {0098-2202},
doi       = {10.1115/1.3662552},
}
% journal   = {Journal of Basic Engineering},

@article{Bayesian:Kalman1961,
author    = {Kalman, R.~E. and Bucy, R.~S.},
title     = {New Results in Linear Filtering and Prediction Theory},
journal   = JournalofBasicEngineering,
year      = {1961},
volume    = {83},
number    = {1},
pages     = {95--108},
issn      = {0098-2202},
doi       = {10.1115/1.3658902},
}
% journal   = {Journal of Basic Engineering},

% FILTERING

@article{Bayesian:Leeuwen2009,
author    = {van Leeuwen, P.~J.},
title     = {Particle Filtering in Geophysical Systems},
journal   = MonthlyWeatherReview,
year      = {2009},
volume    = {137},
number    = {12},
pages     = {4089--4114},
doi       = {10.1175/2009MWR2835.1},
}
% journal   = {Monthly Weather Review},

@article{Bayesian:Afshari2017,
author    = {Afshari, H.~H. and Gadsden, S.~A. and Habibi, S.},
title     = {{G}aussian filters for parameter and state estimation: {A} general review of theory and recent trends},
journal   = SignalProcessing,
year      = {2017},
volume    = {135},
pages     = {218--238},
issn      = {0165-1684},
doi       = {10.1016/j.sigpro.2017.01.001},
}
% journal   = {Signal Processing},
% url       = {http://www.sciencedirect.com/science/article/pii/S0165168417300014},


%%%%%%%%%%%%%%%%%%%%%
% MCMC ALTERNATIVES %
%%%%%%%%%%%%%%%%%%%%%

% SUBSET SIMULATION / STRUCTURAL RELIABILITY (BUS)

@article{Bayesian:Chiachio2014,
author    = {Chiachio, M. and Beck, J.~L. and Chiachio, J. and Rus, G.},
title     = {Approximate {B}ayesian Computation by Subset Simulation},
journal   = SIAMJournalonScientificComputing,
year      = {2014},
volume    = {36},
number    = {3},
pages     = {1339--1358},
series    = {A},
doi       = {10.1137/130932831},
}
% journal   = {SIAM Journal on Scientific Computing},

@incollection{Bayesian:Betz2014,
author    = {Betz, W. and Mok, C.~M. and Papaioannou, I. and Straub, D.},
title     = {{B}ayesian model calibration using structural reliability methods: {A}pplication to the hydrological abc model},
booktitle = {2nd International Conference on Vulnerability and Risk Analysis and Management and 6th International Symposium on Uncertainty Modeling and Analysis (ICVRAM \& ISUMA 2014)},
editor    = {Beer, M. and Au, S.-K. and Hall, J.~W.},
publisher = {American Society of Civil Engineers (ASCE)},
address   = {Reston, Virginia, USA},
year      = {2014},
chapter   = {276},
pages     = {2734--2743},
doi       = {10.1061/9780784413609.276},
}
% url       = {http://ascelibrary.org/doi/abs/10.1061/9780784413609.276},
% eprint    = {http://ascelibrary.org/doi/pdf/10.1061/9780784413609.276},

@article{Bayesian:Straub2015,
author    = {Straub, D. and Papaioannou, I.},
title     = {{B}ayesian Updating with Structural Reliability Methods},
journal   = JournalofEngineeringMechanics,
year      = {2015},
volume    = {141},
number    = {3},
pages     = {1--13},
eid       = {04014134},
doi       = {10.1061/(ASCE)EM.1943-7889.0000839},
}
% journal   = {Journal of Engineering Mechanics},

@article{Bayesian:Straub2016,
author    = {Straub, D. and Papaioannou, I. and Betz, W.},
title     = {{B}ayesian analysis of rare events},
journal   = JournalofComputationalPhysics,
year      = {2016},
volume    = {314},
pages     = {538--556},
issn      = {0021-9991},
doi       = {10.1016/j.jcp.2016.03.018},
}
% journal   = {Journal of Computational Physics},
% url       = {http://www.sciencedirect.com/science/article/pii/S0021999116001704},

@incollection{Bayesian:Rahrovani2016,
author    = {Rahrovani, S. and Au, S.-K. and Abrahamsson, T.},
title     = {{B}ayesian Treatment of Spatially-Varying Parameter Estimation Problems via Canonical {BUS}},
booktitle = {Model Validation and Uncertainty Quantification, Volume 3: Proceedings of the 34th IMAC, A Conference and Exposition on Structural Dynamics 2016},
editor    = {Atamturktur, S. and Schoenherr, T. and Moaveni, B. and Papadimitriou, C.},
publisher = {The Society for Experimental Mechanics},
address   = {Bethel, Connecticut, USA},
year      = {2016},
chapter   = {1},
pages     = {1--13},
series    = {Conference Proceedings of the Society for Experimental Mechanics Series},
isbn      = {978-3-319-29754-5},
doi       = {10.1007/978-3-319-29754-5_1},
}
% publisher = {Springer International Publishing},
% address   = {Cham, Switzerland},

@article{Bayesian:DiazDelaO2017,
author    = {DiazDelaO, F.~A. and Garbuno-Inigo, A. and Au, S.~K. and Yoshida, I.},
title     = {{B}ayesian updating and model class selection with Subset Simulation},
journal   = ComputerMethodsinAppliedMechanicsandEngineering,
year      = {2017},
volume    = {317},
pages     = {1102--1121},
issn      = {0045-7825},
doi       = {10.1016/j.cma.2017.01.006},
}
% journal   = {Computer Methods in Applied Mechanics and Engineering},
% url       = {http://www.sciencedirect.com/science/article/pii/S0045782516308283},

@article{Bayesian:Giovanis2017,
author    = {Giovanis, D.~G. and Papaioannou, I. and Straub, D. and Papadopoulos, V.},
title     = {{B}ayesian updating with subset simulation using artificial neural networks},
journal   = ComputerMethodsinAppliedMechanicsandEngineering,
year      = {2017},
volume    = {319},
pages     = {124--145},
issn      = {0045-7825},
doi       = {10.1016/j.cma.2017.02.025},
}
% journal   = {Computer Methods in Applied Mechanics and Engineering},
% url       = {http://www.sciencedirect.com/science/article/pii/S0045782516311914},

% IMPLICIT SAMPLING

@article{Bayesian:Chorin2009,
author    = {Chorin, A.~J. and Tu, X.},
title     = {Implicit sampling for particle filters},
journal   = ProceedingsoftheNationalAcademyofSciences,
year      = {2009},
volume    = {106},
number    = {41},
pages     = {17249--17254},
doi       = {10.1073/pnas.0909196106},
}
% journal   = {Proceedings of the National Academy of Sciences},
% url       = {http://www.pnas.org/content/106/41/17249.abstract},
% eprint    = {http://www.pnas.org/content/106/41/17249.full.pdf},

@article{Bayesian:Morzfeld2010,
author    = {Chorin, A. and Morzfeld, M. and Tu, X.},
title     = {Implicit particle filters for data assimilation},
journal   = CommunicationsinAppliedMathematicsandComputationalScience,
year      = {2010},
volume    = {5},
number    = {2},
pages     = {221--240},
doi       = {10.2140/camcos.2010.5.221},
}
% journal   = {Communications in Applied Mathematics and Computational Science},

@article{Bayesian:Chorin2012,
author    = {Chorin, A.~J. and Tu, X.},
title     = {An iterative implementation of the implicit nonlinear filter},
journal   = ESAIMMathematicalModellingandNumericalAnalysis,
year      = {2012},
volume    = {46},
number    = {3},
pages     = {535--543},
doi       = {10.1051/m2an/2011055},
publisher = {EDP Sciences},
}
% url       = {http://eudml.org/doc/222118},
% journal   = {ESAIM: Mathematical Modelling and Numerical Analysis},

@article{Bayesian:Morzfeld2012,
author    = {Morzfeld, M. and Tu, X. and Atkins, E. and Chorin, A.~J.},
title     = {A random map implementation of implicit filters},
journal   = JournalofComputationalPhysics,
year      = {2012},
volume    = {231},
number    = {4},
pages     = {2049--2066},
issn      = {0021-9991},
doi       = {10.1016/j.jcp.2011.11.022},
}
% journal   = {Journal of Computational Physics},
% url       = {http://www.sciencedirect.com/science/article/pii/S0021999111006772},

@article{Bayesian:Atkins2013,
author    = {Atkins, E. and Morzfeld, M. and Chorin, A.~J.},
title     = {Implicit Particle Methods and Their Connection with Variational Data Assimilation},
journal   = MonthlyWeatherReview,
year      = {2013},
volume    = {141},
number    = {6},
pages     = {1786--1803},
doi       = {10.1175/MWR-D-12-00145.1},
}
% journal   = {Monthly Weather Review},

@incollection{Bayesian:Chorin2014,
author    = {Chorin, A.~J. and Morzfeld, M. and Tu, X.},
title     = {Implicit Sampling, with Application to Data Assimilation},
booktitle = {Partial Differential Equations: Theory, Control and Approximation: In Honor of the Scientific Heritage of Jacques-Louis Lions},
editor    = {Ciarlet, P.~G. and Li, T. and Maday, Y.},
year      = {2014},
pages     = {171--182},
publisher = {Springer-Verlag Berlin Heidelberg},
doi       = {10.1007/978-3-642-41401-5_6},
}

@article{Bayesian:Morzfeld2015,
author    = {Morzfeld, M. and Tu, X. and Wilkening, J. and Chorin, A.~J.},
title     = {Parameter estimation by implicit sampling},
journal   = CommunicationsinAppliedMathematicsandComputationalScience,
year      = {2015},
volume    = {10},
number    = {2},
pages     = {205--225},
doi       = {10.2140/camcos.2015.10.205},
}
% journal   = {Communications in Applied Mathematics and Computational Science},

% RANDOMIZE-THEN-OPTIMIZE

@article{Bayesian:Bardsley2014,
author    = {Bardsley, J.~M. and Solonen, A. and Haario, H. and Laine, M.},
title     = {Randomize-Then-Optimize: {A} Method for Sampling from Posterior Distributions in Nonlinear Inverse Problems},
journal   = SIAMJournalonScientificComputing,
year      = {2014},
volume    = {36},
number    = {4},
pages     = {1895--1910},
series    = {A},
doi       = {10.1137/140964023},
}
% journal   = {SIAM Journal on Scientific Computing},

@article{Bayesian:Bardsley2015,
author    = {Bardsley, J.~M. and Sepp\"{a}nen, A. and Solonen, A. and Haario, H. and Kaipio, J.},
title     = {Randomize-Then-Optimize for Sampling and Uncertainty Quantification in Electrical Impedance Tomography},
journal   = SIAMASAJournalonUncertaintyQuantification,
year      = {2015},
volume    = {3},
number    = {1},
pages     = {1136--1158},
doi       = {10.1137/140978272},
}
% journal   = {SIAM/ASA Journal on Uncertainty Quantification},

% POSTERIOR EXPANSIONS

@article{Bayesian:Miller2006,
author    = {Miller, S.~J. and Bradlow, E.~T. and Dayaratna, K.},
title     = {Closed-form {B}ayesian inferences for the logit model via polynomial expansions},
journal   = QuantitativeMarketingandEconomics,
year      = {2006},
volume    = {4},
number    = {2},
pages     = {173--206},
issn      = {1570-7156},
doi       = {10.1007/s11129-006-8129-7},
publisher = {Kluwer Academic Publishers},
}
% journal   = {Quantitative Marketing and Economics},

@article{Bayesian:Andrade2015,
author    = {Andrade, J.~A.~A. and Rathie, P.~N.},
title     = {On exact posterior distributions using {H}-functions},
journal   = JournalofComputationalandAppliedMathematics,
year      = {2015},
volume    = {290},
pages     = {459--475},
issn      = {0377-0427},
doi       = {10.1016/j.cam.2015.05.019},
}
% journal   = {Journal of Computational and Applied Mathematics},
% url       = {http://www.sciencedirect.com/science/article/pii/S0377042715003131},

% RICHARD JOHNSON

@article{Bayesian:Johnson1967,
author    = {Johnson, R.~A.},
title     = {An Asymptotic Expansion for Posterior Distributions},
journal   = TheAnnalsofMathematicalStatistics,
year      = {1967},
volume    = {38},
number    = {6},
pages     = {1899--1906},
doi       = {10.1214/aoms/1177698624},
publisher = {The Institute of Mathematical Statistics},
}
% journal   = {The Annals of Mathematical Statistics},

@article{Bayesian:Johnson1970,
author    = {Johnson, R.~A.},
title     = {Asymptotic Expansions Associated with Posterior Distributions},
journal   = TheAnnalsofMathematicalStatistics,
year      = {1970},
volume    = {41},
number    = {3},
pages     = {851--864},
doi       = {10.1214/aoms/1177696963},
publisher = {The Institute of Mathematical Statistics},
}
% journal   = {The Annals of Mathematical Statistics},

% RUBY WENG

@article{Bayesian:Weng2010,
author    = {Weng, R.~C.},
title     = {A {B}ayesian {E}dgeworth expansion by {S}tein's identity},
journal   = BayesianAnalysis,
year      = {2010},
volume    = {5},
number    = {4},
pages     = {741--763},
doi       = {10.1214/10-BA526},
publisher = {International Society for Bayesian Analysis},
}
% journal   = {Bayesian Analysis},

@article{Bayesian:Weng2013,
author    = {Weng, R.~C. and Hsu, C.-H.},
title     = {A Study of Expansions of Posterior Distributions},
journal   = CommunicationsinStatisticsTheoryandMethods,
year      = {2013},
volume    = {42},
number    = {2},
pages     = {346--364},
doi       = {10.1080/03610926.2011.579701},
}
% journal   = {Communications in Statistics - Theory and Methods},

% ROSHAN JOSEPH

@article{Bayesian:Joseph2012,
author    = {Joseph, V.~R.},
title     = {{B}ayesian Computation Using Design of Experiments-Based Interpolation Technique},
journal   = Technometrics,
year      = {2012},
volume    = {54},
number    = {3},
pages     = {209--225},
doi       = {10.1080/00401706.2012.680399},
}
% journal   = {Technometrics},

@article{Bayesian:Joseph2013,
author    = {Joseph, V.~R.},
title     = {A Note on Nonnegative {D}o{I}t Approximation},
journal   = Technometrics,
year      = {2013},
volume    = {55},
number    = {1},
pages     = {103--107},
doi       = {10.1080/00401706.2012.759154},
}
% journal   = {Technometrics},

% YACINE AIT-SAHALIA

@article{Bayesian:AitSahalia2002,
author    = {A\"{\i}t-Sahalia, Y.},
title     = {Maximum Likelihood Estimation of Discretely Sampled Diffusions: {A} Closed-form Approximation Approach},
journal   = Econometrica,
year      = {2002},
volume    = {70},
number    = {1},
pages     = {223--262},
issn      = {1468-0262},
doi       = {10.1111/1468-0262.00274},
publisher = {Blackwell Publishers Ltd},
}
% journal   = {Econometrica},

@article{Bayesian:AitSahalia2008,
author    = {A\"{\i}t-Sahalia, Y.},
title     = {Closed-form likelihood expansions for multivariate diffusions},
journal   = TheAnnalsofStatistics,
year      = {2008},
volume    = {36},
number    = {2},
pages     = {906--937},
doi       = {10.1214/009053607000000622},
publisher = {The Institute of Mathematical Statistics},
}
% journal   = {The Annals of Statistics},

% LINEAR UPDATING / POLYNOMIAL CHAOS KALMAN FILTER

@article{Bayesian:Saad2009,
author    = {Saad, G. and Ghanem, R.},
title     = {Characterization of reservoir simulation models using a polynomial chaos-based ensemble {K}alman filter},
journal   = WaterResourcesResearch,
year      = {2009},
volume    = {45},
number    = {4},
pages     = {1--19},
eid       = {W04417},
issn      = {1944-7973},
doi       = {10.1029/2008WR007148},
}
% journal   = {Water Resources Research},

@article{Bayesian:Blanchard2009,
author    = {Blanchard, E. and Sandu, A. and Sandu, C.},
title     = {Parameter estimation for mechanical systems via an explicit representation of uncertainty},
journal   = EngineeringComputations,
year      = {2009},
volume    = {26},
number    = {5},
pages     = {541--569},
doi       = {10.1108/02644400910970185},
}
% journal   = {Engineering Computations},

@article{Bayesian:Blanchard2010:a,
author    = {Blanchard, E.~D. and Sandu, A. and Sandu, C.},
title     = {Polynomial chaos-based parameter estimation methods applied to a vehicle system},
journal   = ProceedingsoftheInstitutionofMechanicalEngineersPartKJournalofMultibodyDynamics,
year      = {2010},
volume    = {224},
number    = {1},
pages     = {59--81},
doi       = {10.1243/14644193JMBD204},
}
% journal   = {Proceedings of the Institution of Mechanical Engineers, Part K: Journal of Multi-body Dynamics},
% url       = {http://pik.sagepub.com/content/224/1/59.abstract},
% eprint    = {http://pik.sagepub.com/content/224/1/59.full.pdf+html},

@article{Bayesian:Blanchard2010:b,
author    = {Blanchard, E.~D. and Sandu, A. and Sandu, C.},
title     = {A Polynomial Chaos-Based {K}alman Filter Approach for Parameter Estimation of Mechanical Systems},
journal   = JournalofDynamicSystemsMeasurementandControl,
year      = {2010},
volume    = {132},
number    = {6},
pages     = {1--18},
eid       = {061404},
doi       = {10.1115/1.4002481},
}
% journal   = {Journal of Dynamic Systems, Measurement, and Control},

@article{Bayesian:Pajonk2012,
author    = {Pajonk, O. and Rosi\'{c}, B.~V. and Litvinenko, A. and Matthies, H.~G.},
title     = {A deterministic filter for non-{G}aussian {B}ayesian estimation -- Applications to dynamical system estimation with noisy measurements},
journal   = PhysicaDNonlinearPhenomena,
year      = {2012},
volume    = {241},
number    = {7},
pages     = {775--788},
issn      = {0167-2789},
doi       = {10.1016/j.physd.2012.01.001},
}
% journal   = {Physica D: Nonlinear Phenomena},
% url       = {http://www.sciencedirect.com/science/article/pii/S0167278912000036},

@article{Bayesian:Rosic2012,
author    = {Rosi\'{c}, B.~V. and Litvinenko, A. and Pajonk, O. and Matthies, H.~G.},
title     = {Sampling-free linear {B}ayesian update of polynomial chaos representations},
journal   = JournalofComputationalPhysics,
year      = {2012},
volume    = {231},
number    = {17},
pages     = {5761--5787},
issn      = {0021-9991},
doi       = {10.1016/j.jcp.2012.04.044},
}
% journal   = {Journal of Computational Physics},
% url       = {http://www.sciencedirect.com/science/article/pii/S0021999112002483},

@article{Bayesian:Pajonk2013,
author    = {Pajonk, O. and Rosi\'{c}, B.~V. and Matthies, H.~G.},
title     = {Sampling-free linear {B}ayesian updating of model state and parameters using a square root approach},
journal   = ComputersGeosciences,
year      = {2013},
volume    = {55},
pages     = {70--83},
issn      = {0098-3004},
doi       = {10.1016/j.cageo.2012.05.017},
}
% journal   = {Computers \& Geosciences},
% note      = {Ensemble Kalman filter for data assimilation},
% url       = {http://www.sciencedirect.com/science/article/pii/S0098300412001732},

@article{Bayesian:Rosic2013:a,
author    = {Rosi\'{c}, B.~V. and Ku\v{c}erov\'{a}, A. and S\'{y}kora, J. and Pajonk, O. and Litvinenko, A. and Matthies, H.~G.},
title     = {Parameter identification in a probabilistic setting},
journal   = EngineeringStructures,
year      = {2013},
volume    = {50},
pages     = {179--196},
issn      = {0141-0296},
doi       = {10.1016/j.engstruct.2012.12.029},
}
% journal   = {Engineering Structures},
% url       = {http://www.sciencedirect.com/science/article/pii/S0141029612006426},

@incollection{Bayesian:Rosic2013:b,
author    = {Rosi\'{c}, B.~V. and Matthies, H.~G.},
title     = {Identification of Properties of Stochastic Elastoplastic Systems},
editor    = {Papadrakakis, M. and Stefanou, G. and Papadopoulos, V.},
booktitle = {Computational Methods in Stochastic Dynamics: Volume 2},
year      = {2013},
series    = {Computational Methods in Applied Sciences},
volume    = {26},
pages     = {237--253},
publisher = {Springer},
adress    = {Dordrecht, Netherlands},
doi       = {10.1007/978-94-007-5134-7_14},
}

@article{Bayesian:Oladyshkin2013,
author    = {Oladyshkin, S. and Class, H. and Nowak, W.},
title     = {{B}ayesian updating via bootstrap filtering combined with data-driven polynomial chaos expansions: methodology and application to history matching for carbon dioxide storage in geological formations},
journal   = ComputationalGeosciences,
year      = {2013},
volume    = {17},
number    = {4},
pages     = {671--687},
issn      = {1420-0597},
doi       = {10.1007/s10596-013-9350-6},
publisher = {Springer Netherlands},
}
% journal   = {Computational Geosciences},

@article{Bayesian:Madankan2013,
author    = {Madankan, R. and Singla, P. and Singh, T. and Scott, P.~D.},
title     = {Polynomial-Chaos-Based {B}ayesian Approach for State and Parameter Estimations},
journal   = JournalofGuidanceControlandDynamics,
year      = {2013},
volume    = {36},
number    = {4},
pages     = {1058--1074},
issn      = {0731-5090},
doi       = {10.2514/1.58377},
publisher = {American Institute of Aeronautics and Astronautics (AIAA)},
}
% journal   = {Journal of Guidance, Control, and Dynamics},

@article{Bayesian:ChenCharpentier2014,
author    = {Chen-Charpentier, B. and Stanescu, D.},
title     = {Parameter estimation using polynomial chaos and maximum likelihood},
journal   = InternationalJournalofComputerMathematics,
year      = {2014},
volume    = {91},
number    = {2},
pages     = {336--346},
doi       = {10.1080/00207160.2013.809069},
}
% journal   = {International Journal of Computer Mathematics},

@article{Bayesian:Sepahvand2015,
author    = {Sepahvand, K. and Marburg, S.},
title     = {Non-sampling inverse stochastic numerical--experimental identification of random elastic material parameters in composite plates},
journal   = MechanicalSystemsandSignalProcessing,
year      = {2015},
volume    = {54--55},
pages     = {172--181},
issn      = {0888-3270},
doi       = {10.1016/j.ymssp.2014.09.011},
}
% journal   = {Mechanical Systems and Signal Processing},
% url       = {http://www.sciencedirect.com/science/article/pii/S0888327014003537},

@article{Bayesian:Pandurangan2015,
author    = {Pandurangan, R. and Chaudhuri, A. and Gupta, S.},
title     = {The use of polynomial chaos for parameter identification from measurements in nonlinear dynamical systems},
journal   = ZAMM,
year      = {2015},
volume    = {95},
number    = {12},
pages     = {1372--1392},
issn      = {1521-4001},
doi       = {10.1002/zamm.201300232},
}
% journal   = {ZAMM - Journal of Applied Mathematics and Mechanics / Zeitschrift für Angewandte Mathematik und Mechanik},

@incollection{Bayesian:Ernst2014,
author    = {Ernst, O.~G. and Sprungk, B. and Starkloff, H.-J.},
title     = {{B}ayesian Inverse Problems and {K}alman Filters},
booktitle = {Extraction of Quantifiable Information from Complex Systems},
editor    = {Dahlke, S. and Dahmen, W. and Griebel, M. and Hackbusch, W. and Ritter, K. and Schneider, R. and Schwab, C. and Yserentant, H.},
year      = {2014},
series    = {Lecture Notes in Computational Science and Engineering},
volume    = {102},
pages     = {133--159},
publisher = {Springer International Publishing},
address   = {Cham, Switzerland},
doi       = {10.1007/978-3-319-08159-5_7},
}

@article{Bayesian:Ernst2015,
author    = {Ernst, O.~G. and Sprungk, B. and Starkloff, H.-J.},
title     = {Analysis of the Ensemble and Polynomial Chaos {K}alman Filters in {B}ayesian Inverse Problems},
journal   = SIAMASAJournalonUncertaintyQuantification,
year      = {2015},
volume    = {3},
number    = {1},
pages     = {823--851},
issn      = {2166-2525},
doi       = {10.1137/140981319},
}
% journal   = {SIAM/ASA Journal on Uncertainty Quantification},

@incollection{Bayesian:Rosic2016,
author    = {Rosi\'{c}, B. and S\'{y}kora, J. and Pajonk, O. and Ku\v{c}erov\'{a}, A. and Matthies, H.~G.},
title     = {Comparison of Numerical Approaches to {B}ayesian Updating},
booktitle = {Computational Methods for Solids and Fluids: Multiscale Analysis, Probability Aspects and Model Reduction},
editor    = {Ibrahimbegovic, A.},
series    = {Computational Methods in Applied Sciences},
volume    = {41},
year      = {2016},
pages     = {427--461},
publisher = {Springer International Publishing},
address   = {Cham, Switzerland},
isbn      = {978-3-319-27996-1},
doi       = {10.1007/978-3-319-27996-1_16},
}

@incollection{Bayesian:Matthies2016:a,
author    = {Matthies, H.~G. and Zander, E. and Rosi\'{c}, B.~V. and Litvinenko, A. and Pajonk, O.},
title     = {Inverse Problems in a {B}ayesian Setting},
booktitle = {Computational Methods for Solids and Fluids: Multiscale Analysis, Probability Aspects and Model Reduction},
editor    = {Ibrahimbegovic, A.},
series    = {Computational Methods in Applied Sciences},
volume    = {41},
year      = {2016},
pages     = {245--286},
publisher = {Springer International Publishing},
address   = {Cham, Switzerland},
isbn      = {978-3-319-27996-1},
doi       = {10.1007/978-3-319-27996-1_10},
}

@article{Bayesian:Matthies2016:b,
author    = {Matthies, H.~G. and Zander, E. and Rosi\'{c}, B.~V. and Litvinenko, A.},
title     = {Parameter estimation via conditional expectation: a {B}ayesian inversion},
journal   = AdvancedModelingandSimulationinEngineeringSciences,
year      = {2016},
volume    = {3},
pages     = {1--21},
eid       = {24},
issn      = {2213-7467},
doi       = {10.1186/s40323-016-0075-7},
}
% journal   = {Advanced Modeling and Simulation in Engineering Sciences},


%%%%%%%%%%%%%%%%%%%%%%
% BAYESIAN INVERSION %
%%%%%%%%%%%%%%%%%%%%%%

@article{Bayesian:Allmaras2013,
author    = {Allmaras, M. and Bangerth, W. and Linhart, J. and Polanco, J. and Wang, F. and Wang, K. and Webster, J. and Zedler, S.},
title     = {Estimating Parameters in Physical Models through {B}ayesian Inversion: {A} Complete Example},
journal   = SIAMReview,
year      = {2013},
volume    = {55},
number    = {1},
pages     = {149--167},
doi       = {10.1137/100788604},
}
% journal   = {SIAM Review},
% url       = {http://epubs.siam.org/doi/abs/10.1137/100788604},
% eprint    = {http://epubs.siam.org/doi/pdf/10.1137/100788604},

@article{Bayesian:Aguilar2015,
author    = {Aguilar, O. and Allmaras, M. and Bangerth, W. and Tenorio, L.},
title     = {Statistics of Parameter Estimates: {A} Concrete Example},
journal   = SIAMReview,
year      = {2015},
volume    = {57},
number    = {1},
pages     = {131--149},
doi       = {10.1137/130929230},
}
% journal   = {SIAM Review},
% url       = {http://epubs.siam.org/doi/abs/10.1137/130929230},
% eprint    = {http://epubs.siam.org/doi/pdf/10.1137/130929230},

@article{Bayesian:Rus2016,
author    = {Rus, G. and Chiach\'{\i}o, J. and Chiach\'{\i}o, M.},
title     = {Logical inference for inverse problems},
journal   = InverseProblemsinScienceandEngineering,
year      = {2016},
volume    = {24},
number    = {3},
pages     = {448--464},
doi       = {10.1080/17415977.2015.1047361},
}
% journal   = {Inverse Problems in Science and Engineering},


%%%%%%%%%%%%%%%%%%%%%%%
% PRIOR DISTRIBUTIONS %
%%%%%%%%%%%%%%%%%%%%%%%

% CONSTRAINTS

@article{Bayesian:Stark2015,
author    = {Stark, P.~B.},
title     = {Constraints versus Priors},
journal   = SIAMASAJournalonUncertaintyQuantification,
year      = {2015},
volume    = {3},
number    = {1},
pages     = {586--598},
doi       = {10.1137/130920721},
}
% journal   = {SIAM/ASA Journal on Uncertainty Quantification},

% CONJUGATE PRIORS

@article{Bayesian:Diaconis1979,
author    = {Diaconis, P. and Ylvisaker, D.},
title     = {Conjugate Priors for Exponential Families},
journal   = TheAnnalsofStatistics,
year      = {1979},
volume    = {7},
number    = {2},
pages     = {269--281},
doi       = {10.1214/aos/1176344611},
publisher = {The Institute of Mathematical Statistics},
}
% journal   = {The Annals of Statistics},

@article{Bayesian:Demichelis2006,
author    = {Demichelis, F. and Magni, P. and Piergiorgi, P. and Rubin, M.~A. and Bellazzi, R.},
title     = {A hierarchical Na\"{\i}ve {B}ayes Model for handling sample heterogeneity in classification problems: an application to tissue microarrays},
journal   = BMCBioinformatics,
year      = {2006},
volume    = {7},
number    = {1},
pages     = {1--12},
eid       = {514},
issn      = {1471-2105},
doi       = {10.1186/1471-2105-7-514},
}
% journal   = {BMC Bioinformatics},
% url       = {http://www.biomedcentral.com/1471-2105/7/514},

% OBJECTIVE PRIORS

@article{Bayesian:Kass1996,
author    = {Kass, R.~E. and Wasserman, L.},
title     = {The Selection of Prior Distributions by Formal Rules},
journal   = JournaloftheAmericanStatisticalAssociation,
year      = {1996},
volume    = {91},
number    = {435},
pages     = {1343--1370},
issn      = {01621459},
doi       = {10.1080/01621459.1996.10477003},
publisher = {American Statistical Association},
}
% journal   = {Journal of the American Statistical Association},
% doi       = {10.2307/2291752},
% url       = {http://www.jstor.org/stable/2291752},

@article{Bayesian:Ghosh2011,
author    = {Ghosh, M.},
title     = {Objective Priors: {A}n Introduction for Frequentists},
journal   = StatisticalScience,
year      = {2011},
volume    = {26},
number    = {2},
pages     = {187--202},
doi       = {10.1214/10-STS338},
publisher = {The Institute of Mathematical Statistics},
}
% journal   = {Statistical Science},

@article{Bayesian:Berger2015,
author    = {Berger, J.~O. and Bernardo, J.~M. and Sun, D.},
title     = {Overall Objective Priors},
journal   = BayesianAnalysis,
year      = {2015},
volume    = {10},
number    = {1},
pages     = {189--221},
doi       = {10.1214/14-BA915},
publisher = {International Society for Bayesian Analysis},
}
% journal   = {Bayesian Analysis},

% JEFFREYS PRIOR

@article{Bayesian:Jeffreys1946,
author    = {Jeffreys, H.},
title     = {An Invariant Form for the Prior Probability in Estimation Problems},
journal   = ProceedingsoftheRoyalSocietyofLondonA,
year      = {1946},
volume    = {186},
number    = {1007},
pages     = {453--461},
issn      = {0080-4630},
doi       = {10.1098/rspa.1946.0056},
publisher = {The Royal Society},
}
% journal   = {Proceedings of the Royal Society of London A: Mathematical, Physical and Engineering Sciences},
% url       = {http://rspa.royalsocietypublishing.org/content/186/1007/453},
% eprint    = {http://rspa.royalsocietypublishing.org/content/186/1007/453.full.pdf},

% INVARIANT PRIORS

@article{Bayesian:Hartigan1964,
author    = {Hartigan, J.},
title     = {Invariant Prior Distributions},
journal   = TheAnnalsofMathematicalStatistics,
year      = {1964},
volume    = {35},
number    = {2},
pages     = {836--845},
doi       = {10.1214/aoms/1177703583},
publisher = {The Institute of Mathematical Statistics},
}
% journal   = {The Annals of Mathematical Statistics},

@article{Bayesian:George1993,
author    = {George, E.~I. and McCulloch, R.},
title     = {On obtaining invariant prior distributions},
journal   = JournalofStatisticalPlanningandInference,
year      = {1993},
volume    = {37},
number    = {2},
pages     = {169--179},
issn      = {0378-3758},
doi       = {10.1016/0378-3758(93)90086-L},
}
% journal   = {Journal of Statistical Planning and Inference},
% url       = {http://www.sciencedirect.com/science/article/pii/037837589390086L},

@article{Bayesian:Datta1996,
author    = {Datta, G.~S. and Ghosh, M.},
title     = {On the invariance of noninformative priors},
journal   = TheAnnalsofStatistics,
year      = {1996},
volume    = {24},
number    = {1},
pages     = {141--159},
doi       = {10.1214/aos/1033066203},
publisher = {The Institute of Mathematical Statistics},
}
% journal   = {The Annals of Statistics},

% MAXIMUM ENTROPY

@article{Bayesian:Jaynes1968,
author    = {Jaynes, E.~T.},
journal   = IEEETransactionsonSystemsScienceandCybernetics,
title     = {Prior Probabilities},
year      = {1968},
volume    = {4},
number    = {3},
pages     = {227--241},
issn      = {0536-1567},
doi       = {10.1109/TSSC.1968.300117},
}
% journal   = {IEEE Transactions on Systems Science and Cybernetics},

% IMPROPER PRIORS

@article{Bayesian:Akaike1980,
author    = {Akaike, H.},
title     = {The Interpretation of Improper Prior Distributions as Limits of Data Dependent Proper Prior Distributions},
journal   = JournaloftheRoyalStatisticalSocietySeriesBMethodological,
year      = {1980},
volume    = {42},
number    = {1},
pages     = {46--52},
issn      = {00359246},
publisher = {Wiley for the Royal Statistical Society},
}
% journal   = {Journal of the Royal Statistical Society. Series B (Methodological)},
% url       = {http://www.jstor.org/stable/2984737},

@article{Bayesian:Berti1994,
author    = {Berti, P. and Rigo, P.},
title     = {Coherent Inferences and Improper Priors},
journal   = TheAnnalsofStatistics,
year      = {1994},
volume    = {22},
number    = {3},
pages     = {1177--1194},
doi       = {10.1214/aos/1176325624},
publisher = {The Institute of Mathematical Statistics},
}
% journal   = {The Annals of Statistics},

@article{Bayesian:Taraldsen2010,
author    = {Taraldsen, G. and Lindqvist, B.~H.},
title     = {Improper Priors Are Not Improper},
journal   = TheAmericanStatistician,
year      = {2010},
volume    = {64},
number    = {2},
pages     = {154--158},
doi       = {10.1198/tast.2010.09116},
}
% journal   = {The American Statistician},

@article{Bayesian:Kitanidis2012,
author    = {Kitanidis, P.~K.},
title     = {Generalized priors in {B}ayesian inversion problems},
journal   = AdvancesinWaterResources,
year      = {2012},
volume    = {36},
pages     = {3--10},
issn      = {0309-1708},
doi       = {10.1016/j.advwatres.2011.05.005},
}
% journal   = {Advances in Water Resources},
% note      = {Special Issue on Uncertainty Quantification and Risk Assessment},
% url       = {http://www.sciencedirect.com/science/article/pii/S0309170811000960},

% CAUCHY PRIORS

@article{Bayesian:Gelman2008,
author    = {Gelman, A. and Jakulin, A. and Pittau, M.~G. and Su, Y.-S.},
title     = {A weakly informative default prior distribution for logistic and other regression models},
journal   = TheAnnalsofAppliedStatistics,
year      = {2008},
volume    = {2},
number    = {4},
pages     = {1360--1383},
doi       = {10.1214/08-AOAS191},
publisher = {The Institute of Mathematical Statistics},
}
% journal   = {The Annals of Applied Statistics},

@article{Bayesian:Fuquene2009,
author    = {F\'{u}quene, J.~A. and Cook, J.~D. and Pericchi, L.~R.},
title     = {A case for robust {B}ayesian priors with applications to clinical trials},
journal   = BayesianAnalysis,
year      = {2009},
volume    = {4},
number    = {4},
pages     = {817--846},
doi       = {10.1214/09-BA431},
publisher = {International Society for Bayesian Analysis},
}
% journal   = {Bayesian Analysis},

% ROBUST BAYESIAN ANALYSIS

@book{Bayesian:Insua2000,
editor    = {Insua, D.~R. and Ruggeri, F.},
title     = {Robust Bayesian Analysis},
publisher = {Springer},
address   = {New York},
year      = {2000},
series    = {Lecture Notes in Statistics},
number    = {152},
doi       = {10.1007/978-1-4612-1306-2},
}

@article{Bayesian:Berger1990,
author    = {Berger, J.~O.},
title     = {Robust {B}ayesian analysis: sensitivity to the prior},
journal   = JournalofStatisticalPlanningandInference,
year      = {1990},
volume    = {25},
number    = {3},
pages     = {303--328},
issn      = {0378-3758},
doi       = {10.1016/0378-3758(90)90079-A},
}
% journal   = {Journal of Statistical Planning and Inference},
% url       = {http://www.sciencedirect.com/science/article/pii/037837589090079A},

@article{Bayesian:Berger1994,
author    = {Berger, J.~O.},
title     = {An overview of robust {B}ayesian analysis},
journal   = Test,
year      = {1994},
volume    = {3},
number    = {1},
pages     = {5--124},
issn      = {1863-8260},
doi       = {10.1007/BF02562676},
}
% journal   = {Test},


%%%%%%%%%%%%%%%%%%%%%%%%%%%
% MATHEMATICALLY RIGOROUS %
%%%%%%%%%%%%%%%%%%%%%%%%%%%

% ANDREW STUART

@article{Bayesian:Stuart2010,
author    = {Stuart, A.~M.},
title     = {Inverse problems: {A} {B}ayesian perspective},
journal   = ActaNumerica,
year      = {2010},
volume    = {19},
pages     = {451--559},
issn      = {1474-0508},
doi       = {10.1017/S0962492910000061},
}
% journal   = {Acta Numerica},
% eprint    = {http://journals.cambridge.org/article_S0962492910000061},

@incollection{Bayesian:Dashti2016,
author    = {Dashti, M. and Stuart, A.~M.},
title     = {The {B}ayesian Approach to Inverse Problems},
editor    = {Ghanem, R. and Higdon, D. and Owhadi, H.},
booktitle = {Handbook of Uncertainty Quantification},
year      = {2016},
publisher = {Springer International Publishing},
address   = {Cham, Switzerland},
isbn      = {978-3-319-11259-6},
doi       = {10.1007/978-3-319-11259-6_7-1},
}
% pages     = {1--118},

@article{Bayesian:Cotter2009,
author    = {Cotter, S.~L. and Dashti, M. and Robinson, J.~C. and Stuart, A.~M.},
title     = {{B}ayesian inverse problems for functions and applications to fluid mechanics},
journal   = InverseProblems,
year      = {2009},
volume    = {25},
number    = {11},
pages     = {1--43},
eid       = {115008},
doi       = {10.1088/0266-5611/25/11/115008},
}
% journal   = {Inverse Problems},
% url       = {http://stacks.iop.org/0266-5611/25/i=11/a=115008},

@article{Bayesian:Hoang2013,
author    = {Hoang, V.~H. and Schwab, C. and Stuart, A.~M.},
title     = {Complexity analysis of accelerated {MCMC} methods for {B}ayesian inversion},
journal   = InverseProblems,
year      = {2013},
volume    = {29},
number    = {8},
pages     = {1--37},
eid       = {085010},
doi       = {10.1088/0266-5611/29/8/085010},
}
% journal   = {Inverse Problems},
% url       = {http://stacks.iop.org/0266-5611/29/i=8/a=085010},

% CHRISTOPH SCHWAB (SPARSE QUADRATURE)

@article{Bayesian:Schwab2012,
author    = {Schwab, C. and Stuart, A.~M.},
title     = {Sparse deterministic approximation of {B}ayesian inverse problems},
journal   = InverseProblems,
year      = {2012},
volume    = {28},
number    = {4},
pages     = {1--32},
eid       = {045003},
doi       = {10.1088/0266-5611/28/4/045003},
}
% journal   = {Inverse Problems},
% url       = {http://stacks.iop.org/0266-5611/28/i=4/a=045003},

@article{Bayesian:Schillings2013,
author    = {Schillings, C. and Schwab, C.},
title     = {Sparse, adaptive {S}molyak quadratures for {B}ayesian inverse problems},
journal   = InverseProblems,
year      = {2013},
volume    = {29},
number    = {6},
pages     = {1--28},
eid       = {065011},
doi       = {10.1088/0266-5611/29/6/065011},
}
% journal   = {Inverse Problems},
% url       = {http://stacks.iop.org/0266-5611/29/i=6/a=065011},

@article{Bayesian:Schillings2014,
author    = {Schillings, C. and Schwab, C.},
title     = {Sparsity in {B}ayesian inversion of parametric operator equations},
journal   = InverseProblems,
year      = {2014},
volume    = {30},
number    = {6},
pages     = {1--30},
eid       = {065007},
doi       = {10.1088/0266-5611/30/6/065007},
}
% journal   = {Inverse Problems},
% url       = {http://stacks.iop.org/0266-5611/30/i=6/a=065007},

@article{Bayesian:Chen2015,
author    = {Chen, P. and Schwab, C.},
title     = {Sparse-grid, reduced-basis {B}ayesian inversion},
journal   = ComputerMethodsinAppliedMechanicsandEngineering,
year      = {2015},
volume    = {297},
pages     = {84--115},
issn      = {0045-7825},
doi       = {10.1016/j.cma.2015.08.006},
}
% journal   = {Computer Methods in Applied Mechanics and Engineering},
% url       = {http://www.sciencedirect.com/science/article/pii/S0045782515002601},


%%%%%%%%%%%%%%%%%%%%%%%%%
% POSTERIOR CONSISTENCY %
%%%%%%%%%%%%%%%%%%%%%%%%%

% CLASSICAL

@article{Bayesian:Diaconis1986,
author    = {Diaconis, P. and Freedman, D.},
title     = {On the Consistency of {B}ayes Estimates},
journal   = TheAnnalsofStatistics,
year      = {1986},
volume    = {14},
number    = {1},
pages     = {1--26},
doi       = {10.1214/aos/1176349830},
publisher = {The Institute of Mathematical Statistics},
}
% journal   = {The Annals of Statistics},

@article{Bayesian:Ghosal2000,
author    = {Ghosal, S. and Ghosh, J.~K. and van der Vaart, A.~W.},
title     = {Convergence rates of posterior distributions},
journal   = TheAnnalsofStatistics,
year      = {2000},
volume    = {28},
number    = {2},
pages     = {500--531},
doi       = {10.1214/aos/1016218228},
publisher = {The Institute of Mathematical Statistics},
}
% journal   = {The Annals of Statistics},

@article{Bayesian:Shen2001,
author    = {Shen, X. and Wasserman, L.},
title     = {Rates of Convergence of Posterior Distributions},
journal   = TheAnnalsofStatistics,
year      = {2001},
volume    = {29},
number    = {3},
pages     = {687--714},
issn      = {00905364},
doi       = {10.1214/aos/1009210686},
publisher = {Institute of Mathematical Statistics},
}
% journal   = {The Annals of Statistics},
% url       = {http://www.jstor.org/stable/2673968},

% INVERSE PROBLEMS

@article{Bayesian:Vollmer2013,
author    = {Vollmer, S.~J.},
title     = {Posterior consistency for {B}ayesian inverse problems through stability and regression results},
journal   = InverseProblems,
year      = {2013},
volume    = {29},
number    = {12},
pages     = {1--32},
eid       = {125011},
doi       = {10.1088/0266-5611/29/12/125011},
}
% journal   = {Inverse Problems},
% url       = {http://stacks.iop.org/0266-5611/29/i=12/a=125011},

@article{Bayesian:Agapiou2013,
author    = {Agapiou, S. and Larsson, S. and Stuart, A.~M.},
title     = {Posterior contraction rates for the {B}ayesian approach to linear ill-posed inverse problems},
journal   = StochasticProcessesandtheirApplications,
year      = {2013},
volume    = {123},
number    = {10},
pages     = {3828--3860},
issn      = {0304-4149},
doi       = {10.1016/j.spa.2013.05.001},
}
% journal   = {Stochastic Processes and their Applications},
% url       = {http://www.sciencedirect.com/science/article/pii/S0304414913001427},

@article{Bayesian:Agapiou2014,
author    = {Agapiou, S. and Stuart, A.~M. and Zhang, Y.-X.},
title     = {{B}ayesian posterior contraction rates for linear severely ill-posed inverse problems},
journal   = JournalofInverseandIllposedProblems,
year      = {2014},
volume    = {22},
number    = {3},
pages     = {297--321},
doi       = {10.1515/jip-2012-0071},
}
% journal   = {Journal of Inverse and Ill-posed Problems},
% url       = {http://www.degruyter.com/view/j/jiip.2014.22.issue-3/jip-2012-0071/jip-2012-0071.xml},


%%%%%%%%%%%%%%%%%%%%%%%%%%%%
% ENGINEERING APPLICATIONS %
%%%%%%%%%%%%%%%%%%%%%%%%%%%%

% INTRODUCTIONS

@article{Bayesian:Hadidi2008,
author    = {Hadidi, R. and Gucunski, N.},
title     = {Probabilistic Approach to the Solution of Inverse Problems in Civil Engineering},
journal   = JournalofComputinginCivilEngineering,
year      = {2008},
volume    = {22},
number    = {6},
pages     = {338--347},
doi       = {10.1061/(ASCE)0887-3801(2008)22:6(338)},
}
% journal   = {Journal of Computing in Civil Engineering},
% url       = {http://ascelibrary.org/doi/abs/10.1061/%28ASCE%290887-3801%282008%2922%3A6%28338%29},
% eprint    = {http://ascelibrary.org/doi/pdf/10.1061/%28ASCE%290887-3801%282008%2922%3A6%28338%29},

@article{Bayesian:Beck2010,
author    = {Beck, J.~L.},
title     = {{B}ayesian system identification based on probability logic},
journal   = StructuralControlandHealthMonitoring,
year      = {2010},
volume    = {17},
number    = {7},
pages     = {825--847},
issn      = {1545-2263},
doi       = {10.1002/stc.424},
publisher = {John Wiley \& Sons, Ltd.},
}
% journal   = {Structural Control and Health Monitoring},

@article{Bayesian:Yuen2011,
author    = {Yuen, K.-V. and Kuok, S.-C.},
title     = {{B}ayesian Methods for Updating Dynamic Models},
journal   = AppliedMechanicsReviews,
year      = {2011},
volume    = {64},
number    = {1},
pages     = {1--18},
eid       = {010802},
doi       = {10.1115/1.4004479},
}
% journal   = {Applied Mechanics Reviews},

@article{Bayesian:Green2014,
author    = {Green, P.~L. and Worden, K.},
title     = {{B}ayesian and {M}arkov chain {M}onte {C}arlo methods for identifying nonlinear systems in the presence of uncertainty},
journal   = PhilosophicalTransactionsoftheRoyalSocietyofLondonA,
year      = {2015},
volume    = {373},
number    = {2051},
pages     = {1--18},
eid       = {20140405},
issn      = {1364-503X},
doi       = {10.1098/rsta.2014.0405},
publisher = {The Royal Society},
}
% journal   = {Philosophical Transactions of the Royal Society of London A: Mathematical, Physical and Engineering Sciences},
% url       = {http://rsta.royalsocietypublishing.org/content/373/2051/20140405},
% eprint    = {http://rsta.royalsocietypublishing.org/content/373/2051/20140405.full.pdf},

% REAL APPLICATIONS

@article{Bayesian:McFarland2008,
author    = {McFarland, J. and Mahadevan, S. and Romero, V. and Swiler, L.},
title     = {Calibration and Uncertainty Analysis for Computer Simulations with Multivariate Output},
journal   = AIAAJournal,
year      = {2008},
volume    = {46},
number    = {5},
pages     = {1253--1265},
doi       = {10.2514/1.35288},
publisher = {American Institute of Aeronautics and Astronautics (AIAA)},
}
% journal   = {AIAA Journal},

@article{Bayesian:Ntotsios2009,
author    = {Ntotsios, E. and Papadimitriou, C. and Panetsos, P. and Karaiskos, G. and Perros, K. and Perdikaris, P.~C.},
title     = {Bridge health monitoring system based on vibration measurements},
journal   = BulletinofEarthquakeEngineering,
year      = {2009},
volume    = {7},
number    = {2},
pages     = {469--483},
issn      = {1570-761X},
doi       = {10.1007/s10518-008-9067-4},
publisher = {Springer Netherlands},
}
% journal   = {Bulletin of Earthquake Engineering},

@article{Bayesian:Kelly2009,
author    = {Kelly, D.~L. and Smith, C.~L.},
title     = {{B}ayesian inference in probabilistic risk assessment -- {T}he current state of the art},
journal   = ReliabilityEngineeringSystemSafety,
year      = {2009},
volume    = {94},
number    = {2},
pages     = {628--643},
issn      = {0951-8320},
doi       = {10.1016/j.ress.2008.07.002},
}
% journal   = {Reliability Engineering \& System Safety},
% url       = {http://www.sciencedirect.com/science/article/pii/S0951832008001919},

@incollection{Bayesian:Sudret2009,
author    = {Sudret, B.},
title     = {{B}ayesian Updating Techniques in Structural Reliability},
booktitle = {Construction Reliability},
editor    = {Baroth, J. and Schoefs, F. and Breysse, D.},
year      = {2013},
publisher = {John Wiley \& Sons, Inc.},
pages     = {227--247},
doi       = {10.1002/9781118601099.ch12},
}

@article{Bayesian:Gaitanaros2010,
author    = {Gaitanaros, S. and Karaiskos, G. and Papadimitriou, C. and Aravas, N.},
title     = {A {B}ayesian methodology for crack identification in structures using strain measurements},
journal   = InternationalJournalofReliabilityandSafety,
year      = {2010},
volume    = {4},
number    = {2/3},
pages     = {206--237},
doi       = {10.1504/IJRS.2010.032446},
}
% journal   = {International Journal of Reliability and Safety},
% url       = {http://inderscience.metapress.com/content/5313341N33723X13},

@article{Bayesian:Berveiller2012,
author    = {Berveiller, M. and Pape, Y.~L. and Sudret, B. and Perrin, F.},
title     = {Updating the long-term creep strains in concrete containment vessels by using {M}arkov chain {M}onte {C}arlo simulation and polynomial chaos expansions},
journal   = StructureandInfrastructureEngineering,
year      = {2012},
volume    = {8},
number    = {5},
pages     = {425--440},
doi       = {10.1080/15732479.2010.539057},
}
% journal   = {Structure and Infrastructure Engineering},
% url       = {http://www.tandfonline.com/doi/abs/10.1080/15732479.2010.539057},
% eprint    = {http://www.tandfonline.com/doi/pdf/10.1080/15732479.2010.539057},

@article{Bayesian:Bayraktarli2011:a,
author    = {Bayraktarli, Y.~Y. and Baker, J.~W. and Faber, M.~H.},
title     = {Uncertainty treatment in earthquake modelling using {B}ayesian probabilistic networks},
journal   = GeoriskAssessmentandManagementofRiskforEngineeredSystemsandGeohazards,
year      = {2011},
volume    = {5},
number    = {1},
pages     = {44--58},
doi       = {10.1080/17499511003679931},
}
% journal   = {Georisk: Assessment and Management of Risk for Engineered Systems and Geohazards},
% url       = {http://www.tandfonline.com/doi/abs/10.1080/17499511003679931},
% eprint    = {http://www.tandfonline.com/doi/pdf/10.1080/17499511003679931},

@article{Bayesian:Bayraktarli2011:b,
author    = {Bayraktarli, Y.~Y. and Faber, M.~H.},
title     = {{B}ayesian probabilistic network approach for managing earthquake risks of cities},
journal   = GeoriskAssessmentandManagementofRiskforEngineeredSystemsandGeohazards,
year      = {2011},
volume    = {5},
number    = {1},
pages     = {2--24},
doi       = {10.1080/17499511003679907},
}
% journal   = {Georisk: Assessment and Management of Risk for Engineered Systems and Geohazards},
% url       = {http://www.tandfonline.com/doi/abs/10.1080/17499511003679907},
% eprint    = {http://www.tandfonline.com/doi/pdf/10.1080/17499511003679907},

@article{Bayesian:Deublein2013,
author    = {Deublein, M. and Schubert, M. and Adey, B.~T. and K\"{o}hler, J. and Faber, M.~H.},
title     = {Prediction of road accidents: {A} {B}ayesian hierarchical approach},
journal   = AccidentAnalysisPrevention,
year      = {2013},
volume    = {51},
pages     = {274--291},
issn      = {0001-4575},
doi       = {10.1016/j.aap.2012.11.019},
}
% journal   = {Accident Analysis \& Prevention},
% url       = {http://www.sciencedirect.com/science/article/pii/S0001457512004101},

@inproceedings{Bayesian:Deublein2011,
author    = {Deublein, M. and Schlosser, M. and Faber, M.~H.},
title     = {Hierarchical modeling of structural timber material properties by means of {B}ayesian Probabilistic Networks},
booktitle = {11th International Conference on Applications of Statistics and Probability in Civil Engineering (ICASP11)},
year      = {2011},
month     = aug#{~1-4},
address   = {Z\"{u}rich, Switzerland},
doi       = {10.1201/b11332-207},
}
% pages     = {1377--1385},

@article{Bayesian:Montes-Iturrizaga2008,
author    = {Montes-Iturrizaga, R. and Faber, M.~H. and Straub, D. and de Dios de la O, J. and Heredia-Zavoni, E. and Vargas-Rodr\'{i}guez, F.},
title     = {Risk Based Structural Integrity Management of Marine Platforms Using {B}ayesian Probabilistic Nets},
journal   = JournalofOffshoreMechanicsandArcticEngineering,
year      = {2008},
volume    = {131},
number    = {1},
pages     = {1--10},
eid       = {011602},
doi       = {10.1115/1.2979797},
}
% journal   = {Journal of Offshore Mechanics and Arctic Engineering},

@article{Bayesian:Huang2015,
author    = {Huang, Y. and Beck, J.~L.},
title     = {Hierarchical Sparse {B}ayesian Learning for Structural Health Monitoring with Incomplete Modal Data},
journal   = InternationalJournalforUncertaintyQuantification,
year      = {2015},
volume    = {5},
number    = {2},
pages     = {139--169},
issn      = {2152-5080},
doi       = {10.1615/Int.J.UncertaintyQuantification.2015011808},
}
% journal   = {International Journal for Uncertainty Quantification},

% FE MODEL UPDATING

@article{Bayesian:Haukaas2011,
author    = {Haukaas, T. and Gardoni, P.},
title     = {Model Uncertainty in Finite-Element Analysis: {B}ayesian Finite Elements},
journal   = JournalofEngineeringMechanics,
year      = {2011},
volume    = {137},
number    = {8},
pages     = {519--526},
doi       = {10.1061/(ASCE)EM.1943-7889.0000253},
}
% journal   = {Journal of Engineering Mechanics},

@article{Bayesian:Simoen2013:b,
author    = {Simoen, E. and Moaveni, B. and Conte, J.~P. and Lombaert, G.},
title     = {Uncertainty Quantification in the Assessment of Progressive Damage in a 7-Story Full-Scale Building Slice},
journal   = JournalofEngineeringMechanics,
year      = {2013},
volume    = {139},
number    = {12},
pages     = {1818--1830},
doi       = {10.1061/(ASCE)EM.1943-7889.0000610},
}
% journal   = {Journal of Engineering Mechanics},

@article{Bayesian:Simoen2015,
author    = {Simoen, E. and De Roeck, G. and Lombaert, G.},
title     = {Dealing with uncertainty in model updating for damage assessment: {A} review},
journal   = MechanicalSystemsandSignalProcessing,
year      = {2015},
volume    = {56--57},
pages     = {123--149},
issn      = {0888-3270},
doi       = {10.1016/j.ymssp.2014.11.001},
}
% journal   = {Mechanical Systems and Signal Processing},
% url       = {http://www.sciencedirect.com/science/article/pii/S0888327014004130},

@article{Bayesian:Behmanesh2015,
author    = {Behmanesh, I. and Moaveni, B.},
title     = {Probabilistic identification of simulated damage on the {D}owling {H}all footbridge through {B}ayesian finite element model updating},
journal   = StructuralControlandHealthMonitoring,
year      = {2015},
volume    = {22},
number    = {3},
pages     = {463--483},
issn      = {1545-2263},
doi       = {10.1002/stc.1684},
}
% journal   = {Structural Control and Health Monitoring},


%%%%%%%%%%%%%%%%%%%%%
% BAYESIAN NETWORKS %
%%%%%%%%%%%%%%%%%%%%%

% ARTICLES

@article{Bayesian:Langseth2007,
author    = {Langseth, H. and Portinale, L.},
title     = {{B}ayesian networks in reliability},
journal   = ReliabilityEngineeringSystemSafety,
year      = {2007},
volume    = {92},
number    = {1},
pages     = {92--108},
issn      = {0951-8320},
doi       = {10.1016/j.ress.2005.11.037},
}
% journal  = {Reliability Engineering \& System Safety},
% url       = {http://www.sciencedirect.com/science/article/pii/S09518320050019850},

@article{Bayesian:Consonni2001,
author    = {Consonni, G. and Leucari, V.},
title     = {Model Determination for Directed Acyclic Graphs},
journal   = JournaloftheRoyalStatisticalSocietySeriesDTheStatistician,
year      = {2001},
volume    = {50},
number    = {3},
pages     = {243--256},
issn      = {1467-9884},
doi       = {10.1111/1467-9884.00275},
publisher = {Blackwell Publishers Ltd.},
}
% journal   = {Journal of the Royal Statistical Society: Series D (The Statistician)},

@article{Bayesian:Baldi2005,
author    = {Baldi, P. and Rosen-Zvi, M.},
title     = {On the relationship between deterministic and probabilistic directed Graphical models: {F}rom {B}ayesian networks to recursive neural networks},
journal   = NeuralNetworks,
year      = {2005},
volume    = {18},
number    = {8},
pages     = {1080--1086},
issn      = {0893-6080},
doi       = {10.1016/j.neunet.2005.07.007},
}
% journal   = {Neural Networks},
% url       = {http://www.sciencedirect.com/science/article/pii/S089360800500167X},

@article{Bayesian:Urbina2012,
author    = {Urbina, A. and Mahadevan, S. and Paez, T.~L.},
title     = {A {B}ayes Network Approach to Uncertainty Quantification in Hierarchically Developed Computational Models},
journal   = InternationalJournalforUncertaintyQuantification,
year      = {2012},
volume    = {2},
number    = {2},
pages     = {173--193},
issn      = {2152-5080},
doi       = {10.1615/Int.J.UncertaintyQuantification.v2.i2.70},
}
% journal   = {International Journal for Uncertainty Quantification},

@article{Bayesian:Sankararaman2015,
author    = {Sankararaman, S. and Mahadevan, S.},
title     = {Integration of model verification, validation, and calibration for uncertainty quantification in engineering systems},
journal   = ReliabilityEngineeringSystemSafety,
year      = {2015},
volume    = {138},
pages     = {194--209},
issn      = {0951-8320},
doi       = {10.1016/j.ress.2015.01.023},
}
% journal   = {Reliability Engineering \& System Safety},
% url       = {http://www.sciencedirect.com/science/article/pii/S0951832015000332},

@article{Bayesian:Li2016,
author    = {Li, C. and Mahadevan, S.},
title     = {Role of calibration, validation, and relevance in multi-level uncertainty integration},
journal   = ReliabilityEngineeringSystemSafety,
year      = {2016},
volume    = {148},
pages     = {32--43},
issn      = {0951-8320},
doi       = {10.1016/j.ress.2015.11.013},
}
% journal   = {Reliability Engineering \& System Safety},
% url       = {http://www.sciencedirect.com/science/article/pii/S0951832015003403},

% STRUCTURE LEARNING

@article{Bayesian:Scutari2013,
author    = {Scutari, M.},
title     = {On the Prior and Posterior Distributions Used in Graphical Modelling},
journal   = BayesianAnalysis,
year      = {2013},
volume    = {8},
number    = {3},
pages     = {505--532},
doi       = {10.1214/13-BA819},
publisher = {International Society for Bayesian Analysis},
}
% journal   = {Bayesian Analysis},

@article{Bayesian:Banerjee2015,
author    = {Banerjee, S. and Ghosal, S.},
title     = {{B}ayesian structure learning in graphical models},
journal   = JournalofMultivariateAnalysis,
year      = {2015},
volume    = {136},
pages     = {147--162},
issn      = {0047-259X},
doi       = {10.1016/j.jmva.2015.01.015},
}
% journal   = {Journal of Multivariate Analysis},
% url       = {http://www.sciencedirect.com/science/article/pii/S0047259X15000202},

% BOOKS

@book{Bayesian:Cowell1999,
author    = {Cowell, R.~G. and Dawid, A.~P. and Lauritzen, S.~L. and Spiegelhalter, D.~J.},
title     = {Probabilistic Networks and Expert Systems: {E}xact Computational Methods for {B}ayesian Networks},
publisher = {Springer},
address   = {New York},
year      = {1999},
series    = {Information Science and Statistics},
doi       = {10.1007/b97670},
}

@book{Bayesian:Koski2009,
author    = {Koski, T. and Noble, J.~M.},
title     = {Bayesian Networks: An Introduction},
publisher = {John Wiley \& Sons, Ltd.},
address   = {Chichester, West Sussex, UK},
year      = {2009},
series    = {Wiley Series in Probability and Statistics},
doi       = {10.1002/9780470684023},
}

@book{Bayesian:Koller2009,
author    = {Koller, D. and Friedman, N.},
title     = {Probabilistic Graphical Models: Principles and Techniques},
publisher = {The MIT Press},
address   = {Cambridge, Massachusetts, USA},
year      = {2009},
series    = {Adaptive Computation and Machine Learning},
}

@book{Bayesian:Haenni2011,
author    = {Haenni, R. and Romeijn, J.-W. and Wheeler, G. and Williamson, J.},
title     = {Probabilistic Logics and Probabilistic Networks},
publisher = {Springer},
year      = {2011},
series    = {Synthese Library},
number    = {350},
doi       = {10.1007/978-94-007-0008-6},
}

@book{Bayesian:Kjaerulff2013,
author    = {Kj\ae{}rulff, U.~B. and Madsen, A.~L.},
title     = {Bayesian Networks and Influence Diagrams: {A} Guide to Construction and Analysis},
publisher = {Springer},
address   = {New York},
year      = {2013},
edition   = {2},
series    = {Information Science and Statistics},
number    = {22},
doi       = {10.1007/978-0-387-74101-7},
}


%%%%%%%%%%%%%%%%%
% PATH INTEGRAL %
%%%%%%%%%%%%%%%%%

@article{Bayesian:Restrepo2008,
author    = {Restrepo, J.~M.},
title     = {A path integral method for data assimilation},
journal   = PhysicaDNonlinearPhenomena,
year      = {2008},
volume    = {237},
number    = {1},
pages     = {14--27},
issn      = {0167-2789},
doi       = {10.1016/j.physd.2007.07.020},
}
% journal   = {Physica D: Nonlinear Phenomena},
% url       = {http://www.sciencedirect.com/science/article/pii/S0167278907002382},

@article{Bayesian:Quinn2011,
author    = {Quinn, J.~C. and Abarbanel, H.~D.~I.},
title     = {Data assimilation using a {GPU} accelerated path integral {M}onte {C}arlo approach},
journal   = JournalofComputationalPhysics,
year      = {2011},
volume    = {230},
number    = {22},
pages     = {8168--8178},
issn      = {0021-9991},
doi       = {10.1016/j.jcp.2011.07.015},
}
% journal   = {Journal of Computational Physics},
% url       = {http://www.sciencedirect.com/science/article/pii/S0021999111004347},

@article{Bayesian:Balaji2009,
author    = {Balaji, B.},
title     = {Continuous-Discrete Path Integral Filtering},
journal   = Entropy,
year      = {2009},
volume    = {11},
number    = {3},
pages     = {402--430},
issn      = {1099-4300},
doi       = {10.3390/e110300402},
}
% journal   = {Entropy},
% url       = {http://www.mdpi.com/1099-4300/11/3/402},

@article{Bayesian:Balaji2012,
author    = {Balaji, B.},
title     = {Universal Nonlinear Filtering using {F}eynman Path Integrals {I}: {T}he Continuous-Discrete Model with Additive Noise},
journal   = IEEETransactionsonAerospaceandElectronicSystems,
year      = {2012},
volume    = {48},
number    = {3},
pages     = {1935--1960},
issn      = {0018-9251},
doi       = {10.1109/TAES.2012.6237572},
}
% journal   = {IEEE Transactions on Aerospace and Electronic Systems},

@article{Bayesian:Balayi2009,
author    = {Balaji, B.},
title     = {Universal nonlinear filtering using {F}eynman path integrals {II}: the continuous-continuous model with additive noise},
journal   = PMCPhysicsA,
year      = {2009},
volume    = {3},
number    = {1},
doi       = {10.1186/1754-0410-3-2},
publisher = {PhysMath Central},
}
% journal   = {PMC Physics A},

@article{Bayesian:Chang2014,
author    = {Chang, J.~C. and Savage, V.~M. and Chou, T.},
title     = {A Path-Integral Approach to {B}ayesian Inference for Inverse Problems Using the Semiclassical Approximation},
journal   = JournalofStatisticalPhysics,
year      = {2014},
volume    = {157},
number    = {3},
pages     = {582--602},
issn      = {0022-4715},
doi       = {10.1007/s10955-014-1059-y},
publisher = {Springer US},
}
% journal   = {Journal of Statistical Physics},


%%%%%%%%%%%%%%%%%%%%%%
% INFORMATION THEORY %
%%%%%%%%%%%%%%%%%%%%%%

@article{Bayesian:Lindley1956,
author    = {Lindley, D.~V.},
title     = {On a Measure of the Information Provided by an Experiment},
journal   = TheAnnalsofMathematicalStatistics,
volume    = {27},
number    = {4},
year      = {1956},
pages     = {986--1005},
issn      = {00034851},
doi       = {10.1214/aoms/1177728069},
publisher = {The Institute of Mathematical Statistics},
}
% journal   = {The Annals of Mathematical Statistics},

% BAYESIAN EXPERIMENTAL DESIGN

@article{Bayesian:Bernardo1979:a,
author    = {Bernardo, J.~M.},
title     = {Expected Information as Expected Utility},
journal   = TheAnnalsofStatistics,
year      = {1979},
volume    = {7},
number    = {3},
pages     = {686--690},
doi       = {10.1214/aos/1176344689},
publisher = {The Institute of Mathematical Statistics},
}
% journal   = {The Annals of Statistics},

@article{Bayesian:Chaloner1995,
author    = {Chaloner, K. and Verdinelli, I.},
title     = {{B}ayesian Experimental Design: {A} Review},
journal   = StatisticalScience,
year      = {1995},
volume    = {10},
number    = {3},
pages     = {273--304},
doi       = {10.1214/ss/1177009939},
publisher = {The Institute of Mathematical Statistics},
}
% journal   = {Statistical Science},

@article{Bayesian:Hu2017,
author    = {Hu, Z. and Ao, D. and Mahadevan, S.},
title     = {Calibration experimental design considering field response and model uncertainty},
journal   = ComputerMethodsinAppliedMechanicsandEngineering,
year      = {2017},
volume    = {318},
pages     = {92--119},
issn      = {0045-7825},
doi       = {10.1016/j.cma.2017.01.007},
}
% journal   = {Computer Methods in Applied Mechanics and Engineering},
% url       = {http://www.sciencedirect.com/science/article/pii/S0045782516302274},

% REFERENCE POSTERIOR

@article{Bayesian:Bernardo1979:b,
author    = {Bernardo, J.~M.},
title     = {Reference Posterior Distributions for {B}ayesian Inference},
journal   = JournaloftheRoyalStatisticalSocietySeriesBMethodological,
year      = {1979},
volume    = {41},
number    = {2},
pages     = {113--147},
issn      = {00359246},
publisher = {Royal Statistical Society, Wiley},
}
% journal   = {Journal of the Royal Statistical Society. Series B (Methodological)},
% url       = {http://www.jstor.org/stable/2985028},

@article{Bayesian:Berger2009,
author    = {Berger, J.~O. and Bernardo, J.~M. and Sun, D.},
title     = {The formal definition of reference priors},
journal   = TheAnnalsofStatistics,
year      = {2009},
volume    = {37},
number    = {2},
pages     = {905--938},
doi       = {10.1214/07-AOS587},
publisher = {The Institute of Mathematical Statistics},
}
% journal   = {The Annals of Statistics},


%%%%%%%%%%%%%%%%%%%%%%%%%%%%
% RANDOM ERROR CALIBRATION %
%%%%%%%%%%%%%%%%%%%%%%%%%%%%

@article{Bayesian:Zhang2010,
author    = {Zhang, E. and Feissel, P. and Antoni, J.},
title     = {{B}ayesian model updating with consideration of modeling error},
journal   = EuropeanJournalofComputationalMechanics,
year      = {2010},
volume    = {19},
number    = {1--3},
pages     = {255--266},
doi       = {10.3166/ejcm.19.255-266},
}
% journal   = {European Journal of Computational Mechanics},
% url       = {http://www.tandfonline.com/doi/abs/10.3166/ejcm.19.255-266},
% eprint    = {http://www.tandfonline.com/doi/pdf/10.3166/ejcm.19.255-266},

@article{Bayesian:Zhang2011,
author    = {Zhang, E.~L. and Feissel, P. and Antoni, J.},
title     = {A comprehensive {B}ayesian approach for model updating and quantification of modeling errors},
journal   = ProbabilisticEngineeringMechanics,
year      = {2011},
volume    = {26},
number    = {4},
pages     = {550--560},
issn      = {0266-8920},
doi       = {10.1016/j.probengmech.2011.07.001},
}
% journal   = {Probabilistic Engineering Mechanics},
% url       = {http://www.sciencedirect.com/science/article/pii/S0266892011000439},

@article{Bayesian:Zhang2012,
author    = {Zhang, E. and Antoni, J. and Feissel, P.},
title     = {{B}ayesian force reconstruction with an uncertain model},
journal   = JournalofSoundandVibration,
year      = {2012},
volume    = {331},
number    = {4},
pages     = {798--814},
issn      = {0022-460X},
doi       = {10.1016/j.jsv.2011.10.021},
}
% journal   = {Journal of Sound and Vibration},
% url       = {http://www.sciencedirect.com/science/article/pii/S0022460X1100825X},

@article{Bayesian:Simoen2013:a,
author    = {Simoen, E. and Papadimitriou, C. and Lombaert, G.},
title     = {On prediction error correlation in {B}ayesian model updating},
journal   = JournalofSoundandVibration,
year      = {2013},
volume    = {332},
number    = {18},
pages     = {4136--4152},
issn      = {0022-460X},
doi       = {10.1016/j.jsv.2013.03.019},
}
% journal   = {Journal of Sound and Vibration},
% url       = {http://www.sciencedirect.com/science/article/pii/S0022460X13002514},


%%%%%%%%%%%%%%%%%%%%%%%
% ERRORS IN VARIABLES %
%%%%%%%%%%%%%%%%%%%%%%%

@article{Bayesian:Dellaportas1995,
author    = {Dellaportas, P. and Stephens, D.~A.},
title     = {{B}ayesian Analysis of Errors-in-Variables Regression Models},
journal   = Biometrics,
year      = {1995},
volume    = {51},
number    = {3},
pages     = {1085--1095},
issn      = {0006341X},
doi       = {10.2307/2533007},
publisher = {International Biometric Society},
}
% journal   = {Biometrics},
% url       = {http://www.jstor.org/stable/2533007},

@article{Bayesian:Emery2007,
author    = {Emery, A.~F. and Valenti, E. and Bardot, D.},
title     = {Using {B}ayesian inference for parameter estimation when the system response and experimental conditions are measured with error and some variables are considered as nuisance variables},
journal   = MeasurementScienceandTechnology,
year      = {2007},
volume    = {18},
number    = {1},
pages     = {19--29},
doi       = {10.1088/0957-0233/18/1/003},
}
% journal   = {Measurement Science and Technology},
% url       = {http://stacks.iop.org/0957-0233/18/i=1/a=003},


%%%%%%%%%%%%%%%%%%%%%%%%%%%%%%%
% PARTIALLY IDENTIFIED MODELS %
%%%%%%%%%%%%%%%%%%%%%%%%%%%%%%%

@book{Bayesian:Gustafson2015,
author    = {Gustafson, P.},
title     = {Bayesian Inference for Partially Identified Models: Exploring the Limits of Limited Data},
publisher = {CRC Press},
address   = {Boca Raton, Florida, USA},
year      = {2015},
series    = {Monographs on Statistics and Applied Probability},
number    = {141},
}


%%%%%%%%%%%%%%%%%%%%%%%
% MISSPECIFIED MODELS %
%%%%%%%%%%%%%%%%%%%%%%%

@article{Bayesian:Walker2013,
author    = {Walker, S.~G.},
title     = {{B}ayesian inference with misspecified models},
journal   = JournalofStatisticalPlanningandInference,
year      = {2013},
volume    = {143},
number    = {10},
pages     = {1621--1633},
issn      = {0378-3758},
doi       = {10.1016/j.jspi.2013.05.013},
}
% journal   = {Journal of Statistical Planning and Inference},
% url       = {http://www.sciencedirect.com/science/article/pii/S037837581300116X},

@article{Bayesian:DeBlasi2013,
author    = {De Blasi, P. and Walker, S.~G.},
title     = {{B}ayesian Estimation of the Discrepancy with Misspecified Parametric Models},
journal   = BayesianAnalysis,
year      = {2013},
volume    = {8},
number    = {4},
pages     = {781--800},
doi       = {10.1214/13-BA024},
publisher = {International Society for Bayesian Analysis},
}
% journal   = {Bayesian Analysis},


%%%%%%%%%%%%%%%%%%%%%
% MODEL DISCREPANCY %
%%%%%%%%%%%%%%%%%%%%%

% KENNEDY & O'HAGAN

@article{Bayesian:Kennedy2001,
author    = {Kennedy, M.~C. and O'Hagan, A.},
title     = {{B}ayesian calibration of computer models},
journal   = JournaloftheRoyalStatisticalSocietySeriesBStatisticalMethodology,
year      = {2001},
volume    = {63},
number    = {3},
pages     = {425--464},
issn      = {1467-9868},
doi       = {10.1111/1467-9868.00294},
publisher = {Blackwell Publishers Ltd.},
}
% journal   = {Journal of the Royal Statistical Society: Series B (Statistical Methodology)},

@incollection{Bayesian:Bayarri2010,
author    = {Bayarri, M.~J.},
title     = {{B}ayesian Inference for Complex Computer Models},
editor    = {Chen, M.-H. and M\"{u}ller, P. and Sun, D. and Ye, K. and Dey, D.~K.},
booktitle = {Frontiers of Statistical Decision Making and {B}ayesian Analysis: In Honor of James O.\ Berger},
year      = {2010},
pages     = {157--184},
publisher = {Springer},
address   = {New York},
doi       = {10.1007/978-1-4419-6944-6_5},
}

@article{Bayesian:Strong2012,
author    = {Strong, M. and Oakley, J.~E. and Chilcott, J.},
title     = {Managing structural uncertainty in health economic decision models: a discrepancy approach},
journal   = JournaloftheRoyalStatisticalSocietySeriesCAppliedStatistics,
year      = {2012},
volume    = {61},
number    = {1},
pages     = {25--45},
issn      = {1467-9876},
doi       = {10.1111/j.1467-9876.2011.01014.x},
publisher = {Blackwell Publishing Ltd},
}
% journal   = {Journal of the Royal Statistical Society: Series C (Applied Statistics)},

@article{Bayesian:Strong2014,
author    = {Strong, M. and Oakley, J.},
title     = {When Is a Model Good Enough? {D}eriving the Expected Value of Model Improvement via Specifying Internal Model Discrepancies},
journal   = SIAMASAJournalonUncertaintyQuantification,
year      = {2014},
volume    = {2},
number    = {1},
pages     = {106--125},
doi       = {10.1137/120889563},
}
% journal   = {SIAM/ASA Journal on Uncertainty Quantification},

@article{Bayesian:Brynjarsdottir2014,
author    = {Brynjarsd\'{o}ttir, J. and O'Hagan, A.},
title     = {Learning about physical parameters: the importance of model discrepancy},
journal   = InverseProblems,
year      = {2014},
volume    = {30},
number    = {11},
pages     = {1--24},
eid       = {114007},
doi       = {10.1088/0266-5611/30/11/114007},
}
% journal   = {Inverse Problems},
% url       = {http://stacks.iop.org/0266-5611/30/i=11/a=114007},

@article{Bayesian:Wong2017,
author    = {Wong, R.~K.~W. and Storlie, C.~B. and Lee, T.~C.~M.},
title     = {A frequentist approach to computer model calibration},
journal   = JournaloftheRoyalStatisticalSocietySeriesBStatisticalMethodology,
year      = {2017},
volume    = {79},
number    = {2},
pages     = {635--648},
issn      = {1467-9868},
doi       = {10.1111/rssb.12182},
}
% journal   = {Journal of the Royal Statistical Society: Series B (Statistical Methodology)},

% MODEL VALIDATION

@article{Bayesian:Bayarri2007,
author    = {Bayarri, M.~J. and Berger, J.~O. and Paulo, R. and Sacks, J. and Cafeo, J.~A. and Cavendish, J. and Lin, C.-H. and Tu, J.},
title     = {A Framework for Validation of Computer Models},
journal   = Technometrics,
year      = {2007},
volume    = {49},
number    = {2},
pages     = {138--154},
doi       = {10.1198/004017007000000092},
}
% journal   = {Technometrics},

@article{Bayesian:Wang2009,
author    = {Wang, S. and Chen, W. and Tsui, K.-L.},
title     = {{B}ayesian Validation of Computer Models},
journal   = Technometrics,
year      = {2009},
volume    = {51},
number    = {4},
pages     = {439--451},
doi       = {10.1198/TECH.2009.07011},
}
% journal   = {Technometrics},

% IDENTIFIABILITY

@article{Bayesian:Arendt2011,
author    = {Liu, Y. and Chen, W. and Arendt, P. and Huang, H.-Z.},
title     = {Toward a Better Understanding of Model Validation Metrics},
journal   = JournalofMechanicalDesign,
year      = {2011},
volume    = {133},
number    = {7},
pages     = {1--13},
eid       = {071005},
doi       = {10.1115/1.4004223},
publisher = {American Society of Mechanical Engineers (ASME)},
}
% journal   = {Journal of Mechanical Design},

@article{Bayesian:Arendt2012:a,
author    = {Arendt, P.~D. and Apley, D.~W. and Chen, W.},
title     = {Quantification of Model Uncertainty: {C}alibration, Model Discrepancy, and Identifiability},
journal   = JournalofMechanicalDesign,
year      = {2012},
volume    = {134},
number    = {10},
pages     = {1--12},
eid       = {100908},
doi       = {10.1115/1.4007390},
publisher = {American Society of Mechanical Engineers (ASME)},
}
% journal   = {Journal of Mechanical Design},

@article{Bayesian:Arendt2012:b,
author    = {Arendt, P.~D. and Apley, D.~W. and Chen, W. and Lamb, D. and Gorsich, D.},
title     = {Improving Identifiability in Model Calibration Using Multiple Responses},
journal   = JournalofMechanicalDesign,
year      = {2012},
volume    = {134},
number    = {10},
pages     = {1--9},
eid       = {100909},
doi       = {10.1115/1.4007573},
publisher = {American Society of Mechanical Engineers (ASME)},
}
% journal   = {Journal of Mechanical Design},

@article{Bayesian:Arendt2016,
author    = {Arendt, P.~D. and Apley, D.~W. and Chen, W.},
title     = {A preposterior analysis to predict identifiability in the experimental calibration of computer models},
journal   = IIETransactions,
year      = {2016},
volume    = {48},
number    = {1},
pages     = {75--88},
doi       = {10.1080/0740817X.2015.1064554},
}
% journal   = {IIE Transactions},

% MULTIVARIATE

@article{Bayesian:Higdon2008:a,
author    = {Higdon, D. and Gattiker, J. and Williams, B. and Rightley, M.},
title     = {Computer Model Calibration Using High-Dimensional Output},
journal   = JournaloftheAmericanStatisticalAssociation,
year      = {2008},
volume    = {103},
number    = {482},
pages     = {570--583},
doi       = {10.1198/016214507000000888},
}
% journal   = {Journal of the American Statistical Association},

@article{Bayesian:Higdon2008:b,
author    = {Higdon, D. and Nakhleh, C. and Gattiker, J. and Williams, B.},
title     = {A {B}ayesian calibration approach to the thermal problem},
journal   = ComputerMethodsinAppliedMechanicsandEngineering,
year      = {2008},
volume    = {197},
number    = {29--32},
pages     = {2431--2441},
issn      = {0045-7825},
doi       = {10.1016/j.cma.2007.05.031},
}
% journal   = {Computer Methods in Applied Mechanics and Engineering},
% note      = {Validation Challenge Workshop},
% url       = {http://www.sciencedirect.com/science/article/pii/S0045782507005087},

@incollection{Bayesian:Wilkinson2010,
author    = {Wilkinson, R.~D.},
title     = {{B}ayesian Calibration of Expensive Multivariate Computer Experiments},
booktitle = {Large-Scale Inverse Problems and Quantification of Uncertainty},
editor    = {Biegler, L. and Biros, G. and Ghattas, O. and Heinkenschloss, M. and Keyes, D. and Mallick, B. and Marzouk, Y. and Tenorio, L. and van Bloemen Waanders, B. and Willcox, K.},
year      = {2010},
pages     = {195--215},
publisher = {John Wiley \& Sons, Ltd.},
address   = {Chichester, West Sussex, UK},
series    = {Wiley Series in Computational Statistics},
doi       = {10.1002/9780470685853.ch10},
}

@article{Bayesian:Paulo2012,
author    = {Paulo, R. and Garc\'{\i}a-Donato, G. and Palomo, J.},
title     = {Calibration of computer models with multivariate output},
journal   = ComputationalStatisticsDataAnalysis,
year      = {2012},
volume    = {56},
number    = {12},
pages     = {3959--3974},
issn      = {0167-9473},
doi       = {10.1016/j.csda.2012.05.023},
}
% journal   = {Computational Statistics \& Data Analysis},
% url       = {http://www.sciencedirect.com/science/article/pii/S0167947312002228},

% MISC

@article{Bayesian:Gardoni2002,
author    = {Gardoni, P. and Der Kiureghian, A. and Mosalam, K.~M.},
title     = {Probabilistic Capacity Models and Fragility Estimates for Reinforced Concrete Columns based on Experimental Observations},
journal   = JournalofEngineeringMechanics,
year      = {2002},
volume    = {128},
number    = {10},
pages     = {1024--1038},
doi       = {10.1061/(ASCE)0733-9399(2002)128:10(1024)},
}
% journal   = {Journal of Engineering Mechanics},

@article{Bayesian:Xiong2009,
author    = {Xiong, Y. and Chen, W. and Tsui, K.-L. and Apley, D.~W.},
title     = {A better understanding of model updating strategies in validating engineering models},
journal   = ComputerMethodsinAppliedMechanicsandEngineering,
year      = {2009},
volume    = {198},
number    = {15--16},
pages     = {1327--1337},
issn      = {0045-7825},
doi       = {10.1016/j.cma.2008.11.023},
}
% journal   = {Computer Methods in Applied Mechanics and Engineering},
% url       = {http://www.sciencedirect.com/science/article/pii/S0045782508004258},

@article{Bayesian:Liang2011,
author    = {Liang, B. and Mahadevan, S.},
title     = {Error and Uncertainty Quantification and Sensitivity Analysis in Mechanics Computational Models},
journal   = InternationalJournalforUncertaintyQuantification,
year      = {2011},
volume    = {1},
number    = {2},
pages     = {147--161},
issn      = {2152-5080},
doi       = {10.1615/intjuncertaintyquantification.v1.i2.30},
}
% journal   = {International Journal for Uncertainty Quantification},

@article{Bayesian:Farajpour2013,
author    = {Farajpour, I. and Atamturktur, S.},
title     = {Error and Uncertainty Analysis of Inexact and Imprecise Computer Models},
journal   = JournalofComputinginCivilEngineering,
year      = {2013},
volume    = {27},
number    = {4},
pages     = {407--418},
doi       = {10.1061/(ASCE)CP.1943-5487.0000233},
}
% journal   = {Journal of Computing in Civil Engineering},

@article{Bayesian:Ling2014,
author    = {Ling, Y. and Mullins, J. and Mahadevan, S.},
title     = {Selection of model discrepancy priors in {B}ayesian calibration},
journal   = JournalofComputationalPhysics,
year      = {2014},
volume    = {276},
pages     = {665--680},
issn      = {0021-9991},
doi       = {10.1016/j.jcp.2014.08.005},
}
% journal   = {Journal of Computational Physics},
% url       = {http://www.sciencedirect.com/science/article/pii/S0021999114005518},

@article{Bayesian:Sargsyan2015,
author    = {Sargsyan, K. and Najm, H.~N. and Ghanem, R.},
title     = {On the Statistical Calibration of Physical Models},
journal   = InternationalJournalofChemicalKinetics,
year      = {2015},
volume    = {47},
number    = {4},
pages     = {246--276},
issn      = {1097-4601},
doi       = {10.1002/kin.20906},
}
% journal   = {International Journal of Chemical Kinetics},

@article{Bayesian:He2016:a,
author    = {He, Y. and Xiu, D.},
title     = {Numerical strategy for model correction using physical constraints},
journal   = JournalofComputationalPhysics,
year      = {2016},
volume    = {313},
pages     = {617--634},
issn      = {0021-9991},
doi       = {10.1016/j.jcp.2016.02.054},
}
% journal   = {Journal of Computational Physics},
% url       = {http://www.sciencedirect.com/science/article/pii/S0021999116001261},

@article{Bayesian:Tian2016,
author    = {Tian, Y. and Nearing, G.~S. and Peters-Lidard, C.~D. and Harrison, K.~W. and Tang, L.},
title     = {Performance Metrics, Error Modeling, and Uncertainty Quantification},
journal   = MonthlyWeatherReview,
year      = {2016},
volume    = {144},
number    = {2},
pages     = {607--613},
doi       = {10.1175/MWR-D-15-0087.1},
}
% journal   = {Monthly Weather Review},


%%%%%%%%%%%%%%%%%%%%%
% MODEL UNCERTAINTY %
%%%%%%%%%%%%%%%%%%%%%

% STATISTICAL

@article{Bayesian:Draper1995,
author    = {Draper, D.},
title     = {Assessment and Propagation of Model Uncertainty},
journal   = JournaloftheRoyalStatisticalSocietySeriesBMethodological,
year      = {1995},
volume    = {57},
number    = {1},
pages     = {45--97},
issn      = {00359246},
publisher = {Wiley for the Royal Statistical Society},
}
% journal   = {Journal of the Royal Statistical Society. Series B (Methodological)},
% url       = {http://www.jstor.org/stable/2346087},

@article{Bayesian:Chatfield1995,
author    = {Chatfield, C.},
title     = {Model Uncertainty, Data Mining and Statistical Inference},
journal   = JournaloftheRoyalStatisticalSocietySeriesAStatisticsinSociety,
year      = {1995},
volume    = {158},
number    = {3},
pages     = {419--466},
doi       = {10.2307/2983440},
publisher = {Wiley for the Royal Statistical Society},
}
% journal   = {Journal of the Royal Statistical Society. Series A (Statistics in Society)},
% url       = {http://www.jstor.org/stable/2983440},

@inbook{Bayesian:Berger2001,
author    = {Berger, J.~O. and Pericchi, L.~R.},
title     = {Objective Bayesian Methods for Model Selection: Introduction and Comparison},
booktitle = {Model selection},
editor    = {Lahiri, P.},
pages     = {135--207},
publisher = {Institute of Mathematical Statistics},
address   = {Beachwood, Ohio, USA},
series    = {Lecture Notes--Monograph Series},
volume    = {38},
year      = {2001},
doi       = {10.1214/lnms/1215540968},
}

@article{Bayesian:Clyde2004,
author    = {Clyde, M. and George, E.~I.},
title     = {Model Uncertainty},
journal   = StatisticalScience,
year      = {2004},
volume    = {19},
number    = {1},
pages     = {81--94},
doi       = {10.1214/088342304000000035},
publisher = {The Institute of Mathematical Statistics},
}
% journal   = {Statistical Science},

% ENGINEERING

@article{Bayesian:Droguett2008,
author    = {Droguett, E.~L. and Mosleh, A.},
title     = {{B}ayesian Methodology for Model Uncertainty Using Model Performance Data},
journal   = RiskAnalysis,
year      = {2008},
volume    = {28},
number    = {5},
pages     = {1457--1476},
issn      = {1539-6924},
doi       = {10.1111/j.1539-6924.2008.01117.x},
publisher = {Blackwell Publishing Inc.},
}
% journal   = {Risk Analysis},

@article{Bayesian:Riley2011,
author    = {Riley, M.~E. and Grandhi, R.~V.},
title     = {Quantification of model-form and predictive uncertainty for multi-physics simulation},
journal   = ComputersStructures,
year      = {2011},
volume    = {89},
number    = {11--12},
pages     = {1206--1213},
issn      = {0045-7949},
doi       = {10.1016/j.compstruc.2010.10.004},
}
% journal   = {Computers \& Structures},
% note      = {Computational Fluid and Solid Mechanics 2011Proceedings Sixth \{MIT\} Conference on Computational Fluid and Solid Mechanics},
% url       = {http://www.sciencedirect.com/science/article/pii/S0045794910002245},

@article{Bayesian:Riley2014,
author    = {Riley, M.~E. and Grandhi, R.~V.},
title     = {Quantification of Modeling-Induced Uncertainties in Simulation-Based Analyses},
journal   = AIAAJournal,
year      = {2014},
volume    = {52},
number    = {1},
pages     = {195--202},
issn      = {0001-1452},
doi       = {10.2514/1.J052871},
publisher = {American Institute of Aeronautics and Astronautics (AIAA)},
}
% journal   = {AIAA Journal},

@article{Bayesian:Park2010,
author    = {Park, I. and Amarchinta, H.~K. and Grandhi, R.~V.},
title     = {A {B}ayesian approach for quantification of model uncertainty},
journal   = ReliabilityEngineeringSystemSafety,
year      = {2010},
volume    = {95},
number    = {7},
pages     = {777--785},
issn      = {0951-8320},
doi       = {10.1016/j.ress.2010.02.015},
}
% journal   = {Reliability Engineering \& System Safety},
% url       = {http://www.sciencedirect.com/science/article/pii/S095183201000058X},

@article{Bayesian:Park2014,
author    = {Park, I. and Grandhi, R.~V.},
title     = {A {B}ayesian statistical method for quantifying model form uncertainty and two model combination methods},
journal   = ReliabilityEngineeringSystemSafety,
year      = {2014},
volume    = {129},
pages     = {46--56},
issn      = {0951-8320},
doi       = {10.1016/j.ress.2014.04.023},
}
% journal   = {Reliability Engineering \& System Safety},
% url       = {http://www.sciencedirect.com/science/article/pii/S095183201400091X},

@article{Bayesian:Goulet2013,
author    = {Goulet, J.-A. and Smith, I.~F.~C.},
title     = {Structural identification with systematic errors and unknown uncertainty dependencies},
journal   = ComputersStructures,
year      = {2013},
volume    = {128},
pages     = {251--258},
issn      = {0045-7949},
doi       = {10.1016/j.compstruc.2013.07.009},
}
% journal   = {Computers \& Structures},
% url       = {http://www.sciencedirect.com/science/article/pii/S0045794913002198},

% EVIDENCE THEORY (DEMPSTER-SCHAFER)

@article{Bayesian:Park2012,
author    = {Park, I. and Grandhi, R.~V.},
title     = {Quantification of model-form and parametric uncertainty using evidence theory},
journal   = StructuralSafety,
year      = {2012},
volume    = {39},
pages     = {44--51},
issn      = {0167-4730},
doi       = {10.1016/j.strusafe.2012.08.003},
}
% journal   = {Structural Safety},
% url       = {http://www.sciencedirect.com/science/article/pii/S0167473012000458},

@article{Bayesian:Riley2015,
author    = {Riley, M.~E.},
title     = {Evidence-based quantification of uncertainties induced via simulation-based modeling},
journal   = ReliabilityEngineeringSystemSafety,
year      = {2015},
volume    = {133},
pages     = {79--86},
issn      = {0951-8320},
doi       = {10.1016/j.ress.2014.08.016},
}
% journal   = {Reliability Engineering \& System Safety},
% url       = {http://www.sciencedirect.com/science/article/pii/S0951832014002099},


%%%%%%%%%%%%%%%%%%
% MODEL EVIDENCE %
%%%%%%%%%%%%%%%%%%

@incollection{Bayesian:Bos2002,
author    = {Bos, C.~S.},
title     = {A Comparison of Marginal Likelihood Computation Methods},
year      = {2002},
booktitle = {Compstat: Proceedings in Computational Statistics},
editor    = {H\"{a}rdle, W. and R\"{o}nz, B.},
pages     = {111--116},
doi       = {10.1007/978-3-642-57489-4_11},
publisher = {Physica-Verlag Heidelberg New York},
}

@article{Bayesian:Newton1994,
author    = {Newton, M.~A. and Raftery, A.~E.},
title     = {Approximate {B}ayesian Inference with the Weighted Likelihood Bootstrap},
journal   = JournaloftheRoyalStatisticalSocietySeriesBMethodological,
year      = {1994},
volume    = {56},
number    = {1},
pages     = {3--48},
issn      = {00359246},
publisher = {Wiley for the Royal Statistical Society},
}
% journal   = {Journal of the Royal Statistical Society. Series B (Methodological)},
% url       = {http://www.jstor.org/stable/2346025},

@article{Bayesian:Chib1995,
author    = {Chib, S.},
title     = {Marginal Likelihood from the {G}ibbs Output},
journal   = JournaloftheAmericanStatisticalAssociation,
year      = {1995},
volume    = {90},
number    = {432},
pages     = {1313--1321},
doi       = {10.1080/01621459.1995.10476635},
}
% journal   = {Journal of the American Statistical Association},
% url       = {http://www.tandfonline.com/doi/abs/10.1080/01621459.1995.10476635},
% eprint    = {http://www.tandfonline.com/doi/pdf/10.1080/01621459.1995.10476635},

@article{Bayesian:Chib2001,
author    = {Chib, S. and Jeliazkov, I.},
title     = {Marginal Likelihood From the {M}etropolis--{H}astings Output},
journal   = JournaloftheAmericanStatisticalAssociation,
year      = {2001},
volume    = {96},
number    = {453},
pages     = {270--281},
doi       = {10.1198/016214501750332848},
}
% journal   = {Journal of the American Statistical Association},

@article{Bayesian:Weinberg2012,
author    = {Weinberg, M.~D.},
title     = {Computing the {B}ayes Factor from a {M}arkov Chain {M}onte {C}arlo Simulation of the Posterior Distribution},
journal   = BayesianAnalysis,
year      = {2012},
volume    = {7},
number    = {3},
pages     = {737--770},
doi       = {10.1214/12-BA725},
publisher = {International Society for Bayesian Analysis},
}
% journal   = {Bayesian Analysis},

@article{Bayesian:Friel2012,
author    = {Friel, N. and Wyse, J.},
title     = {Estimating the evidence -- a review},
journal   = StatisticaNeerlandica,
year      = {2012},
volume    = {66},
number    = {3},
pages     = {288--308},
issn      = {1467-9574},
doi       = {10.1111/j.1467-9574.2011.00515.x},
publisher = {Blackwell Publishing Ltd},
}
% journal   = {Statistica Neerlandica},

@article{Bayesian:Schoniger2014,
author    = {Sch\"{o}niger, A. and W\"{o}hling, T. and Samaniego, L. and Nowak, W.},
title     = {Model selection on solid ground: {R}igorous comparison of nine ways to evaluate {B}ayesian model evidence},
journal   = WaterResourcesResearch,
year      = {2014},
volume    = {50},
number    = {12},
pages     = {9484--9513},
issn      = {1944-7973},
doi       = {10.1002/2014WR016062},
}
% journal   = {Water Resources Research},

@article{Bayesian:Knuth2015,
author    = {Knuth, K.~H. and Habeck, M. and Malakar, N.~K. and Mubeen, A.~M. and Placek, B.},
title     = {{B}ayesian evidence and model selection},
journal   = DigitalSignalProcessing,
year      = {2015},
volume    = {47},
pages     = {50--67},
issn      = {1051-2004},
doi       = {10.1016/j.dsp.2015.06.012},
}
% journal   = {Digital Signal Processing},
% note      = {Special Issue in Honour of William J. (Bill) Fitzgerald},
% url       = {http://www.sciencedirect.com/science/article/pii/S1051200415001980},


%%%%%%%%%%%%%%%%%%%
% MODEL SELECTION %
%%%%%%%%%%%%%%%%%%%

% INFORMATION CRITERIA

@book{Bayesian:Konishi2008,
author    = {Konishi, S. and Kitagawa, G.},
title     = {Information Criteria and Statistical Modeling},
publisher = {Springer},
address   = {New York},
year      = {2008},
series    = {Springer Series in Statistics},
doi       = {10.1007/978-0-387-71887-3},
}

@article{Bayesian:Vehtari2012,
author    = {Vehtari, A. and Ojanen, J.},
title     = {A survey of {B}ayesian predictive methods for model assessment, selection and comparison},
journal   = StatisticsSurveys,
year      = {2012},
volume    = {6},
pages     = {142--228},
doi       = {10.1214/12-SS102},
publisher = {The American Statistical Association, the Bernoulli Society, the Institute of Mathematical Statistics, and the Statistical Society of Canada},
}
% journal   = {Statistics Surveys},

@article{Bayesian:Gelman2014,
author    = {Gelman, A. and Hwang, J. and Vehtari, A.},
title     = {Understanding predictive information criteria for {B}ayesian models},
journal   = StatisticsandComputing,
year      = {2014},
volume    = {24},
number    = {6},
pages     = {997--1016},
issn      = {1573-1375},
doi       = {10.1007/s11222-013-9416-2},
}
% journal   = {Statistics and Computing},

@article{Bayesian:Claeskens2016,
author    = {Claeskens, G.},
title     = {Statistical Model Choice},
journal   = AnnualReviewofStatisticsandItsApplication,
year      = {2016},
volume    = {3},
number    = {1},
pages     = {233--256},
doi       = {10.1146/annurev-statistics-041715-033413},
}
% journal   = {Annual Review of Statistics and Its Application},

@article{Bayesian:Piironen2017,
author    = {Piironen, J. and Vehtari, A.},
title     = {Comparison of {B}ayesian predictive methods for model selection},
journal   = StatisticsandComputing,
year      = {2017},
volume    = {27},
number    = {3},
pages     = {711--735},
issn      = {1573-1375},
doi       = {10.1007/s11222-016-9649-y},
}
% journal   = {Statistics and Computing},

% MODEL COMPLEXITY

@article{Bayesian:Spiegelhalter2002,
author    = {Spiegelhalter, D.~J. and Best, N.~G. and Carlin, B.~P. and van der Linde, A.},
title     = {{B}ayesian measures of model complexity and fit},
journal   = JournaloftheRoyalStatisticalSocietySeriesBStatisticalMethodology,
year      = {2002},
volume    = {64},
number    = {4},
pages     = {583--639},
issn      = {1467-9868},
doi       = {10.1111/1467-9868.00353},
publisher = {Blackwell Publishers},
}
% journal   = {Journal of the Royal Statistical Society: Series B (Statistical Methodology)},

@article{Bayesian:Spiegelhalter2014,
author    = {Spiegelhalter, D.~J. and Best, N.~G. and Carlin, B.~P. and van der Linde, A.},
title     = {The deviance information criterion: 12 years on},
journal   = JournaloftheRoyalStatisticalSocietySeriesBStatisticalMethodology,
year      = {2014},
volume    = {76},
number    = {3},
pages     = {485--493},
issn      = {1467-9868},
doi       = {10.1111/rssb.12062},
}
% journal   = {Journal of the Royal Statistical Society: Series B (Statistical Methodology)},

% BAYES FACTORS

@article{Bayesian:Kass1993,
author    = {Kass, R.~E.},
title     = {{B}ayes Factors in Practice},
journal   = JournaloftheRoyalStatisticalSocietySeriesDTheStatistician,
year      = {1993},
volume    = {42},
number    = {5},
pages     = {551--560},
issn      = {00390526},
doi       = {10.2307/2348679},
publisher = {Wiley for the Royal Statistical Society},
}
% journal   = {Journal of the Royal Statistical Society. Series D (The Statistician)},
% url       = {http://www.jstor.org/stable/2348679},

@article{Bayesian:Kass1995,
author    = {Kass, R.~E. and Raftery, A.~E.},
title     = {{B}ayes Factors},
journal   = JournaloftheAmericanStatisticalAssociation,
year      = {1995},
volume    = {90},
number    = {430},
pages     = {773--795},
doi       = {10.1080/01621459.1995.10476572},
}
% journal   = {Journal of the American Statistical Association},
% url       = {http://www.tandfonline.com/doi/abs/10.1080/01621459.1995.10476572},
% eprint    = {http://www.tandfonline.com/doi/pdf/10.1080/01621459.1995.10476572},

@article{Bayesian:Han2001,
author    = {Han, C. and Carlin, B.~P.},
title     = {{M}arkov Chain {M}onte {C}arlo Methods for Computing {B}ayes Factors},
journal   = JournaloftheAmericanStatisticalAssociation,
year      = {2001},
volume    = {96},
number    = {455},
pages     = {1122--1132},
doi       = {10.1198/016214501753208780},
}
% journal   = {Journal of the American Statistical Association},

@article{Bayesian:Dellaportas2002,
author    = {Dellaportas, P. and Forster, J.~J. and Ntzoufras, I.},
title     = {On {B}ayesian model and variable selection using {MCMC}},
journal   = StatisticsandComputing,
year      = {2002},
volume    = {12},
number    = {1},
pages     = {27--36},
issn      = {0960-3174},
doi       = {10.1023/A:1013164120801},
publisher = {Kluwer Academic Publishers},
}
% journal   = {Statistics and Computing},

% ENGINEERING

@article{Bayesian:Beck2004,
author    = {Beck, J. and Yuen, K.},
title     = {Model Selection Using Response Measurements: {B}ayesian Probabilistic Approach},
journal   = JournalofEngineeringMechanics,
year      = {2004},
volume    = {130},
number    = {2},
pages     = {192--203},
doi       = {10.1061/(ASCE)0733-9399(2004)130:2(192)},
}
% journal   = {Journal of Engineering Mechanics},
% url       = {http://ascelibrary.org/doi/abs/10.1061/%28ASCE%290733-9399%282004%29130%3A2%28192%29},
% eprint    = {http://ascelibrary.org/doi/pdf/10.1061/%28ASCE%290733-9399%282004%29130%3A2%28192%29},

@article{Bayesian:Muto2008,
author    = {Muto, M. and Beck, J.~L.},
title     = {{B}ayesian Updating and Model Class Selection for Hysteretic Structural Models Using Stochastic Simulation},
journal   = JournalofVibrationandControl,
year      = {2008},
volume    = {14},
number    = {1--2},
pages     = {7--34},
doi       = {10.1177/1077546307079400},
}
% journal   = {Journal of Vibration and Control},
% url       = {http://jvc.sagepub.com/content/14/1-2/7.abstract},
% eprint    = {http://jvc.sagepub.com/content/14/1-2/7.full.pdf+html},

@article{Bayesian:Cheung2010,
author    = {Cheung, S.~H. and Beck, J.~L.},
title     = {Calculation of Posterior Probabilities for {B}ayesian Model Class Assessment and Averaging from Posterior Samples Based on Dynamic System Data},
journal   = ComputerAidedCivilandInfrastructureEngineering,
year      = {2010},
volume    = {25},
number    = {5},
pages     = {304--321},
issn      = {1467-8667},
doi       = {10.1111/j.1467-8667.2009.00642.x},
publisher = {Blackwell Publishing Inc},
}
% journal   = {Computer-Aided Civil and Infrastructure Engineering},

@article{Bayesian:Yuen2010:b,
author    = {Yuen, K.-V.},
title     = {Recent developments of {B}ayesian model class selection and applications in civil engineering},
journal   = StructuralSafety,
year      = {2010},
volume    = {32},
number    = {5},
pages     = {338--346},
issn      = {0167-4730},
doi       = {10.1016/j.strusafe.2010.03.011},
}
% journal   = {Structural Safety},
% url       = {http://www.sciencedirect.com/science/article/pii/S0167473010000305},

@article{Bayesian:Mthembu2011,
author    = {Mthembu, L. and Marwala, T. and Friswell, M.~I. and Adhikari, S.},
title     = {Model selection in finite element model updating using the {B}ayesian evidence statistic},
journal   = MechanicalSystemsandSignalProcessing,
year      = {2011},
volume    = {25},
number    = {7},
pages     = {2399--2412},
issn      = {0888-3270},
doi       = {10.1016/j.ymssp.2011.04.001},
}
% journal   = {Mechanical Systems and Signal Processing},
% url       = {http://www.sciencedirect.com/science/article/pii/S0888327011001555},


%%%%%%%%%%%%%%%%%
% OCCAM'S RAZOR %
%%%%%%%%%%%%%%%%%

@article{Bayesian:MacKay1992,
author    = {MacKay, D.~J.~C.},
title     = {{B}ayesian Interpolation},
journal   = NeuralComputation,
year      = {1992},
volume    = {4},
number    = {3},
pages     = {415--447},
issn      = {0899-7667},
doi       = {10.1162/neco.1992.4.3.415},
publisher = {MIT Press},
}
% journal   = {Neural Computation},

@article{Bayesian:MacKay1995,
author    = {MacKay, D.~J.~C.},
title     = {Probable networks and plausible predictions -- a review of practical {B}ayesian methods for supervised neural networks},
journal   = NetworkComputationinNeuralSystems,
year      = {1995},
volume    = {6},
number    = {3},
pages     = {469--505},
doi       = {10.1088/0954-898X_6_3_011},
}
% journal   = {Network: Computation in Neural Systems},
% url       = {http://www.tandfonline.com/doi/abs/10.1088/0954-898X_6_3_011},
% eprint    = {http://www.tandfonline.com/doi/pdf/10.1088/0954-898X_6_3_011},

@article{Bayesan:Jefferys1992,
author    = {Jefferys, W.~H. and Berger, J.~O.},
title     = {{O}ckham's Razor and {B}ayesian Analysis},
journal   = AmericanScientist,
year      = {1992},
volume    = {80},
number    = {1},
pages     = {64--72},
issn      = {00030996},
publisher = {Sigma Xi, The Scientific Research Society},
}
% journal   = {American Scientist},
% url       = {http://www.jstor.org/stable/29774559},

@article{Bayesian:Balasubramanian1997,
author    = {Balasubramanian, V.},
title     = {Statistical Inference, {O}ccam's Razor, and Statistical Mechanics on the Space of Probability Distributions},
journal   = NeuralComputation,
year      = {1997},
volume    = {9},
number    = {2},
pages     = {349--368},
issn      = {0899-7667},
doi       = {10.1162/neco.1997.9.2.349},
publisher = {MIT Press},
}
% journal   = {Neural Computation},

@article{Bayesian:Domingos1999,
author    = {Domingos, P.},
title     = {The Role of {O}ccam's Razor in Knowledge Discovery},
journal   = DataMiningandKnowledgeDiscovery,
year      = {1999},
volume    = {3},
number    = {4},
pages     = {409--425},
issn      = {1384-5810},
doi       = {10.1023/A:1009868929893},
publisher = {Kluwer Academic Publishers},
}
% journal   = {Data Mining and Knowledge Discovery},

@incollection{Bayesian:Rasmussen2000,
author    = {Rasmussen, C.~E. Ghahramani, Z.},
title     = {{O}ccam's Razor},
booktitle = {Advances in Neural Information Processing Systems 13 (NIPS 2000)},
editor    = {Leen, T.~K. and Dietterich, T.~G. and Tresp, V.},
pages     = {294--300},
year      = {2000},
publisher = {MIT Press},
}
% url       = {https://papers.nips.cc/paper/1925-occams-razor.html},
% eprint    = {https://papers.nips.cc/paper/1925-occams-razor.pdf},

@article{Bayesian:Dowe2007,
author    = {Dowe, D.~L. and Gardner, S. and Oppy, G.}, 
title     = {{B}ayes not Bust! {W}hy Simplicity is no Problem for {B}ayesians},
journal   = TheBritishJournalforthePhilosophyofScience,
year      = {2007},
volume    = {58},
number    = {4},
pages     = {709--754},
doi       = {10.1093/bjps/axm033},
}
% journal   = {The British Journal for the Philosophy of Science},
% url       = {http://bjps.oxfordjournals.org/content/58/4/709.abstract},
% eprint    = {http://bjps.oxfordjournals.org/content/58/4/709.full.pdf+html},


%%%%%%%%%%%%%%%%%%%
% MODEL AVERAGING %
%%%%%%%%%%%%%%%%%%%

% INTRODUCTIONS

@article{Bayesian:Raftery1997,
author    = {Raftery, A.~E. and Madigan, D. and Hoeting, J.~A.},
title     = {{B}ayesian Model Averaging for Linear Regression Models},
journal   = JournaloftheAmericanStatisticalAssociation,
year      = {1997},
volume    = {92},
number    = {437},
pages     = {179--191},
doi       = {10.1080/01621459.1997.10473615},
}
% journal   = {Journal of the American Statistical Association},

@article{Bayesian:Hoeting1999,
author    = {Hoeting, J.~A. and Madigan, D. and Raftery, A.~E. and Volinsky, C.~T.},
title     = {{B}ayesian Model Averaging: {A} Tutorial},
journal   = StatisticalScience,
year      = {1999},
volume    = {14},
number    = {4},
pages     = {382--417},
doi       = {10.1214/ss/1009212519},
publisher = {The Institute of Mathematical Statistics},
}
% journal   = {Statistical Science},

@article{Bayesian:Wasserman2000,
author    = {Wasserman, L.},
title     = {{B}ayesian Model Selection and Model Averaging},
journal   = JournalofMathematicalPsychology,
year      = {2000},
volume    = {44},
number    = {1},
pages     = {92--107},
issn      = {0022-2496},
doi       = {10.1006/jmps.1999.1278},
}
% journal   = {Journal of Mathematical Psychology},
% url       = {http://www.sciencedirect.com/science/article/pii/S0022249699912786},

% ENGINEERING APPLICATIONS

@article{Bayesian:Park2011,
author    = {Park, I. and Grandhi, R.~V.},
title     = {Quantifying Multiple Types of Uncertainty in Physics-Based Simulation Using {B}ayesian Model Averaging},
journal   = AIAAJournal,
year      = {2011},
volume    = {49},
number    = {5},
pages     = {1038--1045},
issn      = {0001-1452},
doi       = {10.2514/1.J050741},
publisher = {American Institute of Aeronautics and Astronautics (AIAA)},
}
% journal   = {AIAA Journal},

@article{Bayesian:Liang2013,
author    = {Liang, Z. and Wang, D. and Guo, Y. and Zhang, Y. and Dai, R.},
title     = {Application of {B}ayesian Model Averaging Approach to Multimodel Ensemble Hydrologic Forecasting},
journal   = JournalofHydrologicEngineering,
year      = {2013},
volume    = {18},
number    = {11},
pages     = {1426--1436},
issn      = {1084-0699},
doi       = {10.1061/(ASCE)HE.1943-5584.0000493},
publisher = {American Society of Civil Engineers (ASCE)},
}
% journal   = {Journal of Hydrologic Engineering},

@article{Bayesian:Kabir2015,
author    = {Kabir, G. and Tesfamariam, S. and Sadiq, R.},
title     = {Predicting water main failures using {B}ayesian model averaging and survival modelling approach},
journal   = ReliabilityEngineeringSystemSafety,
year      = {2015},
volume    = {142},
pages     = {498--514},
issn      = {0951-8320},
doi       = {10.1016/j.ress.2015.06.011},
}
% journal   = {Reliability Engineering \& System Safety},
% url       = {http://www.sciencedirect.com/science/article/pii/S0951832015001866},


%%%%%%%%%%%%%%%%%%%%
% LAPLACE'S METHOD %
%%%%%%%%%%%%%%%%%%%%

% ASYMPTOTIC NORMALITY

@article{Bayesian:Walker1969,
author    = {Walker, A.~M.},
title     = {On the Asymptotic Behaviour of Posterior Distributions},
journal   = JournaloftheRoyalStatisticalSocietySeriesBMethodological,
year      = {1969},
volume    = {31},
number    = {1},
pages     = {80--88},
issn      = {00359246},
publisher = {Royal Statistical Society, Wiley},
}
% journal   = {Journal of the Royal Statistical Society. Series B (Methodological)},

@article{Bayesian:Dawid1970,
author    = {Dawid, A.~P.},
title     = {On the limiting normality of posterior distributions},
journal   = MathematicalProceedingsoftheCambridgePhilosophicalSociety,
year      = {1970},
volume    = {67},
number    = {3},
pages     = {625--633},
doi       = {10.1017/S0305004100045953},
publisher = {Cambridge University Press},
}
% journal   = {Mathematical Proceedings of the Cambridge Philosophical Society},

@article{Bayesian:Chen1985,
author    = {Chen, C.-F.},
title     = {On Asymptotic Normality of Limiting Density Functions with {B}ayesian Implications},
journal   = JournaloftheRoyalStatisticalSocietySeriesBMethodological,
year      = {1985},
volume    = {47},
number    = {3},
pages     = {540--546},
issn      = {00359246},
publisher = {Royal Statistical Society, Wiley},
}
% journal   = {Journal of the Royal Statistical Society. Series B (Methodological)},

@incollection{Bayesian:Kass1990,
author    = {Kass, R.~E. and Tierney, L. and Kadane, J.~B.},
title     = {The Validity of Posterior Expansions Based on {L}aplace's Method},
booktitle = {Bayesian and Likelihood Methods in Statistics and Econometrics: Essays in Honor of George A.\ Barnard},
editor    = {Geisser, S. and Hodges, J.~S. and Press, S.~J. and Zellner, A.},
year      = {1990},
pages     = {473--488},
publisher = {Elsevier},
address   = {Amsterdam, Netherlands},
}
% series    = {Studies in Bayesian Econometrics and Statistics},
% number    = {7},

@incollection{Bayesian:Kass1992,
author    = {Kass, R.~E. and Tierney, L. and Kadane, J.~B.},
title     = {Asymptotic Evaluation of Integrals Arising in {B}ayesian Inference},
booktitle = {Computing Science and Statistics: Statistics of Many Parameters: Curves, Images, Spatial Models: Proceedings of the 22nd Symposium on the Interface, East Lansing, MI, May 16--19, 1990},
editor    = {Page, C. and LePage, R.},
year      = {1992},
pages     = {38--42},
publisher = {Springer-Verlag},
address   = {New York},
doi       = {10.1007/978-1-4612-2856-1_5},
}

% LAPLACE APPROXIMATION

@article{Bayesian:Tierney1986,
author    = {Tierney, L. and Kadane, J.~B.},
title     = {Accurate Approximations for Posterior Moments and Marginal Densities},
journal   = JournaloftheAmericanStatisticalAssociation,
year      = {1986},
volume    = {81},
number    = {393},
pages     = {82--86},
doi       = {10.1080/01621459.1986.10478240},
}
% journal   = {Journal of the American Statistical Association},
% url       = {http://www.tandfonline.com/doi/abs/10.1080/01621459.1986.10478240},
% eprint    = {http://www.tandfonline.com/doi/pdf/10.1080/01621459.1986.10478240},

@article{Bayesian:Tierney1989:a,
author    = {Tierney, L. and Kass, R.~E. and Kadane, J.~B.},
title     = {Fully Exponential {L}aplace Approximations to Expectations and Variances of Nonpositive Functions},
journal   = JournaloftheAmericanStatisticalAssociation,
year      = {1989},
volume    = {84},
number    = {407},
pages     = {710--716},
doi       = {10.1080/01621459.1989.10478824},
}
% journal   = {Journal of the American Statistical Association},
% url       = {http://www.tandfonline.com/doi/abs/10.1080/01621459.1989.10478824},
% eprint    = {http://www.tandfonline.com/doi/pdf/10.1080/01621459.1989.10478824},

@article{Bayesian:Tierney1989:b,
author    = {Tierney, L. and Kass, R.~E. and Kadane, J.~B.},
title     = {Approximate marginal densities of nonlinear functions},
journal   = Biometrika,
year      = {1989},
volume    = {76},
number    = {3},
pages     = {425--433},
doi       = {10.1093/biomet/76.3.425},
}
% journal   = {Biometrika},

@incollection{Bayesian:AzevedoFilho1994,
author    = {Azevedo-Filho, A. and Shachter, R.~D.},
title     = {{L}aplace's Method Approximations for Probabilistic Inference in Belief Networks with Continuous Variables},
editor    = {de Mantaras, R.~L. and Poole, D.},
booktitle = {Uncertainty in Artificial Intelligence: Proceedings of the Tenth Conference (1994)},
publisher = {Morgan Kaufmann Publishers, Inc.},
address   = {San Francisco, California, USA},
year      = {1994},
pages     = {28--36},
isbn      = {978-1-55860-332-5},
doi       = {10.1016/B978-1-55860-332-5.50009-2},
}
% booktitle = {Uncertainty Proceedings 1994},

% ENGINEERING PROBLEMS

@article{Bayesian:Papadimitriou1997,
author    = {Papadimitriou, C. and Beck, J.~L. and Katafygiotis, L.~S.},
title     = {Asymptotic Expansions for Reliability and Moments of Uncertain Systems},
journal   = JournalofEngineeringMechanics,
year      = {1997},
volume    = {123},
number    = {12},
pages     = {1219--1229},
doi       = {10.1061/(ASCE)0733-9399(1997)123:12(1219)},
}
% journal   = {Journal of Engineering Mechanics},
% url       = {http://ascelibrary.org/doi/abs/10.1061/%28ASCE%290733-9399%281997%29123%3A12%281219%29},
% eprint    = {http://ascelibrary.org/doi/pdf/10.1061/%28ASCE%290733-9399%281997%29123%3A12%281219%29},

@article{Bayesian:Au1999,
author    = {Au, S.~K. and Papadimitriou, C. and Beck, J.~L.},
title     = {Reliability of uncertain dynamical systems with multiple design points},
journal   = StructuralSafety,
year      = {1999},
volume    = {21},
number    = {2},
pages     = {113--133},
issn      = {0167-4730},
doi       = {10.1016/S0167-4730(99)00009-0},
}
% journal   = {Structural Safety},
% url       = {http://www.sciencedirect.com/science/article/pii/S0167473099000090},

@article{Bayesian:Polidori1999,
author    = {Polidori, D.~C. and Beck, J.~L. and Papadimitriou, C.},
title     = {New Approximations for Reliability Integrals},
journal   = JournalofEngineeringMechanics,
year      = {1999},
volume    = {125},
number    = {4},
pages     = {466--475},
doi       = {10.1061/(ASCE)0733-9399(1999)125:4(466)}
}
% journal   = {Journal of Engineering Mechanics},
% url       = {http://ascelibrary.org/doi/abs/10.1061/%28ASCE%290733-9399%281999%29125%3A4%28466%29},
% eprint    = {http://ascelibrary.org/doi/pdf/10.1061/%28ASCE%290733-9399%281999%29125%3A4%28466%29},

% EXTENSIONS

@article{Bayesian:Rue2009,
author    = {Rue, H. and Martino, S. and Chopin, N.},
title     = {Approximate {B}ayesian inference for latent {G}aussian models by using integrated nested {L}aplace approximations},
journal   = JournaloftheRoyalStatisticalSocietySeriesBStatisticalMethodology,
year      = {2009},
volume    = {71},
number    = {2},
issn      = {1467-9868},
pages     = {319--392},
doi       = {10.1111/j.1467-9868.2008.00700.x},
publisher = {Blackwell Publishing Ltd},
}
% journal   = {Journal of the Royal Statistical Society: Series B (Statistical Methodology)},

@article{Bayesian:Bornkamp2011,
author    = {Bornkamp, B.},
title     = {Approximating Probability Densities by Iterated {L}aplace Approximations},
journal   = JournalofComputationalandGraphicalStatistics,
year      = {2011},
volume    = {20},
number    = {3},
pages     = {656--669},
doi       = {10.1198/jcgs.2011.10099},
}
% journal   = {Journal of Computational and Graphical Statistics},

@incollection{Bayesian:Barber2016,
author    = {Barber, R.~F. and Drton, M. and Tan, K.~M.},
title     = {{L}aplace Approximation in High-Dimensional {B}ayesian Regression},
editor    = {Frigessi, A. and B\"{u}hlmann, P. and Glad, I.~K. and Langaas, M. and Richardson, S. and Vannucci, M.},
booktitle = {Statistical Analysis for High-Dimensional Data: The {A}bel Symposium 2014},
year      = {2016},
publisher = {Springer International Publishing},
address   = {Cham, Switzerland},
series    = {Abel Symposia},
number    = {11},
pages     = {15--36},
isbn      = {978-3-319-27099-9},
doi       = {10.1007/978-3-319-27099-9_2},
}

@article{Bayesian:He2016:b,
author    = {He, J. and Guan, X. and Jha, R.},
title     = {Improve the Accuracy of Asymptotic Approximation in Reliability Problems Involving Multimodal Distributions},
journal   = IEEETransactionsonReliability,
year      = {2016},
volume    = {65},
number    = {4},
pages     = {1724--1736},
issn      = {0018-9529},
doi       = {10.1109/TR.2016.2604121},
}
% journal   = {IEEE Transactions on Reliability},


%%%%%%%%%%%%%%%%%%%%%%%%%%%%%%%%%%%%%%%%%%%%%%%%%%%%%%%%%%%%
% (LIKELIHOOD FREE) APPROXIMATE BAYESIAN COMPUTATION (ABC) %
%%%%%%%%%%%%%%%%%%%%%%%%%%%%%%%%%%%%%%%%%%%%%%%%%%%%%%%%%%%%

% ORIGINS

@article{Bayesian:Rubin1984,
author    = {Rubin, D.~B.},
title     = {{B}ayesianly Justifiable and Relevant Frequency Calculations for the Applied Statistician},
journal   = TheAnnalsofStatistics,
year      = {1984},
volume    = {12},
number    = {4},
pages     = {1151--1172},
doi       = {10.1214/aos/1176346785},
publisher = {The Institute of Mathematical Statistics},
}
% journal   = {The Annals of Statistics},

@article{Bayesian:Beaumont2002,
author    = {Beaumont, M.~A. and Zhang, W. and Balding, D.~J.},
title     = {Approximate {B}ayesian Computation in Population Genetics},
journal   = Genetics,
year      = {2002},
volume    = {162},
number    = {4},
pages     = {2025--2035},
}
% journal   = {Genetics},
% url       = {http://www.genetics.org/content/162/4/2025.abstract},
% eprint    = {http://www.genetics.org/content/162/4/2025.full.pdf+html},

@article{Bayesian:Marjoram2003,
author    = {Marjoram, P. and Molitor, J. and Plagnol, V. and Tavar\'{e}, S.},
title     = {{M}arkov chain {M}onte {C}arlo without likelihoods},
journal   = ProceedingsoftheNationalAcademyofSciences,
year      = {2003},
volume    = {100},
number    = {26},
pages     = {15324--15328},
doi       = {10.1073/pnas.0306899100},
}
% journal   = {Proceedings of the National Academy of Sciences},
% url       = {http://www.pnas.org/content/100/26/15324.abstract},
% eprint    = {http://www.pnas.org/content/100/26/15324.full.pdf+html},

% INTRODUCTIONS & REVIEWS

@article{Bayesian:Beaumont2010,
author    = {Beaumont, M.~A.},
title     = {Approximate {B}ayesian Computation in Evolution and Ecology},
journal   = AnnualReviewofEcologyEvolutionandSystematics,
year      = {2010},
volume    = {41},
number    = {1},
pages     = {379--406},
doi       = {10.1146/annurev-ecolsys-102209-144621},
}
% journal   = {Annual Review of Ecology, Evolution, and Systematics},
% url       = {http://www.annualreviews.org/doi/abs/10.1146/annurev-ecolsys-102209-144621},
% eprint    = {http://www.annualreviews.org/doi/pdf/10.1146/annurev-ecolsys-102209-144621},

@article{Bayesian:Hartig2011,
author    = {Hartig, F. and Calabrese, J.~M. and Reineking, B. and Wiegand, T. and Huth, A.},
title     = {Statistical inference for stochastic simulation models -- theory and application},
journal   = EcologyLetters,
year      = {2011},
volume    = {14},
number    = {8},
pages     = {816--827},
issn      = {1461-0248},
doi       = {10.1111/j.1461-0248.2011.01640.x},
publisher = {Blackwell Publishing Ltd},
}
% journal   = {Ecology Letters},

@article{Bayesian:Turner2012,
author    = {Turner, B.~M. and Van Zandt, T.},
title     = {A tutorial on approximate {B}ayesian computation},
journal   = JournalofMathematicalPsychology,
year      = {2012},
volume    = {56},
number    = {2},
pages     = {69--85},
issn      = {0022-2496},
doi       = {10.1016/j.jmp.2012.02.005},
}
% journal   = {Journal of Mathematical Psychology},
% url       = {http://www.sciencedirect.com/science/article/pii/S0022249612000272},

@article{Bayesian:Marin2012,
author    = {Marin, J.-M. and Pudlo, P. and Robert, C.~P. and Ryder, R.~J.},
title     = {Approximate {B}ayesian computational methods},
journal   = StatisticsandComputing,
year      = {2012},
volume    = {22},
number    = {6},
pages     = {1167--1180},
issn      = {0960-3174},
doi       = {10.1007/s11222-011-9288-2},
publisher = {Springer US},
}
% journal   = {Statistics and Computing},

@article{Bayesian:Sunnaker2013,
author    = {Sunn\aa{}ker, M. and Busetto, A.~G. and Numminen, E. and Corander, J. and Foll, M. and Dessimoz, C.},
title     = {Approximate {B}ayesian Computation},
journal   = PLoSComputationalBiology,
year      = {2013},
volume    = {9},
number    = {1},
pages     = {1--10},
eid       = {e1002803},
doi       = {10.1371/journal.pcbi.1002803},
publisher = {Public Library of Science},
}
% journal   = {PLoS Computational Biology},


%%%%%%%%%%%%%%%%%%%
% MODEL REDUCTION %
%%%%%%%%%%%%%%%%%%%

@incollection{Bayesian:Girault2011,
author    = {Girault, M. and Petit, D. and Videcoq, E.},
title     = {Identification of Low-Order Models and Their Use for Solving Inverse Boundary Problems},
booktitle = {Thermal Measurements and Inverse Techniques},
series    = {Heat Transfer: A Series of Reference Books and Textbooks},
editor    = {Orlande, H.~R.~B. and Fudym, O. and Maillet, D. and Cotta, R.~M.},
year      = {2011},
pages     = {457--506},
publisher = {CRC Press},
address   = {Boca Raton, Florida, USA},
}

@article{Bayesian:Lieberman2010,
author    = {Lieberman, C. and Willcox, K. and Ghattas, O.},
title     = {Parameter and State Model Reduction for Large-Scale Statistical Inverse Problems},
journal   = SIAMJournalonScientificComputing,
year      = {2010},
volume    = {32},
number    = {5},
pages     = {2523--2542},
doi       = {10.1137/090775622},
}
% journal   = {SIAM Journal on Scientific Computing},

@article{Bayesian:Galbally2010,
author    = {Galbally, D. and Fidkowski, K. and Willcox, K. and Ghattas, O.},
title     = {Non-linear model reduction for uncertainty quantification in large-scale inverse problems},
journal   = InternationalJournalforNumericalMethodsinEngineering,
year      = {2010},
volume    = {81},
number    = {12},
pages     = {1581--1608},
issn      = {1097-0207},
doi       = {10.1002/nme.2746},
publisher = {John Wiley \& Sons, Ltd.},
}
% journal   = {International Journal for Numerical Methods in Engineering},

@article{Bayesian:Papadimitriou2013,
author    = {Papadimitriou, C. and Papadioti, D.-C.},
title     = {Component mode synthesis techniques for finite element model updating},
journal   = ComputersStructures,
year      = {2013},
volume    = {126},
pages     = {15--28},
issn      = {0045-7949},
doi       = {10.1016/j.compstruc.2012.10.018},
}
% journal   = {Computers \& Structures},
% url       = {http://www.sciencedirect.com/science/article/pii/S0045794912002520},

@article{Bayesian:Nguyen2014,
author    = {Nguyen, N.-H. and Cheong Khoo, B. and Willcox, K.},
title     = {Model order reduction for {B}ayesian approach to inverse problems},
journal   = AsiaPacificJournalonComputationalEngineering,
year      = {2014},
volume    = {1},
pages     = {1--17},
eid       = {2},
issn      = {2196-1166},
doi       = {10.1186/2196-1166-1-2},
}
% journal   = {Asia Pacific Journal on Computational Engineering},
% url       = {http://www.apjcen.com/content/1/1/2},

@article{Bayesian:Jensen2014,
author    = {Jensen, H.~A. and Millas, E. and Kusanovic, D. and Papadimitriou, C.},
title     = {Model-reduction techniques for {B}ayesian finite element model updating using dynamic response data},
journal   = ComputerMethodsinAppliedMechanicsandEngineering,
year      = {2014},
volume    = {279},
pages     = {301--324},
issn      = {0045-7825},
doi       = {10.1016/j.cma.2014.06.032},
}
% journal   = {Computer Methods in Applied Mechanics and Engineering},
% url       = {http://www.sciencedirect.com/science/article/pii/S0045782514002187},

@article{Bayesian:Jensen2016,
author    = {Jensen, H.~A. and Mu\~{n}oz, A. and Papadimitriou, C. and Millas, E.},
title     = {Model-reduction techniques for reliability-based design problems of complex structural systems},
journal   = ReliabilityEngineeringSystemSafety,
year      = {2016},
volume    = {149},
pages     = {204--217},
issn      = {0951-8320},
doi       = {10.1016/j.ress.2016.01.003},
}
% journal   = {Reliability Engineering \& System Safety},
% url       = {http://www.sciencedirect.com/science/article/pii/S0951832016000120},


%%%%%%%%%%%%%%%%%%%%%%%
% DIMENSION REDUCTION %
%%%%%%%%%%%%%%%%%%%%%%%

@article{Bayesian:Blum2013,
author    = {Blum, M.~G.~B. and Nunes, M.~A. and Prangle, D. and Sisson, S.~A.},
title     = {A Comparative Review of Dimension Reduction Methods in Approximate {B}ayesian Computation},
journal   = StatisticalScience,
year      = {2013},
volume    = {28},
number    = {2},
pages     = {189--208},
doi       = {10.1214/12-STS406},
publisher = {The Institute of Mathematical Statistics},
}
% journal   = {Statistical Science},

@article{Bayesian:Warner2015,
author    = {Warner, J.~E. and Aquino, W. and Grigoriu, M.~D.},
title     = {Stochastic reduced order models for inverse problems under uncertainty},
journal   = ComputerMethodsinAppliedMechanicsandEngineering,
year      = {2015},
volume    = {285},
pages     = {488--514},
issn      = {0045-7825},
doi       = {10.1016/j.cma.2014.11.021},
}
% journal   = {Computer Methods in Applied Mechanics and Engineering},
% url       = {http://www.sciencedirect.com/science/article/pii/S0045782514004472},


%%%%%%%%%%%%%%%%%%%%%%%%%%
% CONSTRAINED PARAMETERS %
%%%%%%%%%%%%%%%%%%%%%%%%%%

@article{Bayesian:Gelfand1992,
author    = {Gelfand, A.~E. and Smith, A.~F.~M. and Lee, T.-M.},
title     = {{B}ayesian Analysis of Constrained Parameter and Truncated Data Problems Using {G}ibbs Sampling},
journal   = JournaloftheAmericanStatisticalAssociation,
year      = {1992},
volume    = {87},
number    = {418},
pages     = {523--532},
issn      = {01621459},
doi       = {10.1080/01621459.1992.10475235},
publisher = {Taylor \& Francis, Ltd. on behalf of the American Statistical Association},
}
% journal   = {Journal of the American Statistical Association},
% doi       = {10.2307/2290286},
% url       = {http://www.jstor.org/stable/2290286},


%%%%%%%%%%%%%%%%%%%%%%%%%
% VARIATIONAL INFERENCE %
%%%%%%%%%%%%%%%%%%%%%%%%%

@book{Bayesian:Smidl2006,
author    = {\v{S}m\'{i}dl, V. and Quinn, A.},
title     = {The Variational Bayes Method in Signal Processing},
publisher = {Springer-Verlag Berlin Heidelberg},
year      = {2006},
series    = {Signals and Communication Technology},
doi       = {10.1007/3-540-28820-1},
}

@article{Bayesian:Jordan1999,
author    = {Jordan, M.~I. and Ghahramani, Z. and Jaakkola, T.~S. and Saul, L.~K.},
title     = {An Introduction to Variational Methods for Graphical Models},
journal   = MachineLearning,
year      = {1999},
volume    = {37},
number    = {2},
pages     = {183--233},
issn      = {0885-6125},
doi       = {10.1023/A:1007665907178},
publisher = {Kluwer Academic Publishers},
}
% journal   = {Machine Learning},

@article{Bayesian:Jaakkola2000,
author    = {Jaakkola, T.~S. and Jordan, M.~I.},
title     = {{B}ayesian parameter estimation via variational methods},
journal   = StatisticsandComputing,
year      = {2000},
volume    = {10},
number    = {1},
pages     = {25--37},
issn      = {0960-3174},
doi       = {10.1023/A:1008932416310},
publisher = {Kluwer Academic Publishers},
}
% journal   = {Statistics and Computing},

@article{Bayesian:Wainwright2008,
author    = {Wainwright, M.~J. and Jordan, M.~I.},
title     = {Graphical Models, Exponential Families, and Variational Inference},
journal   = FoundationsandTrendsinMachineLearning,
year      = {2008},
volume    = {1},
number    = {1--2},
pages     = {1--305},
issn      = {1935-8237},
doi       = {10.1561/2200000001},
}
% journal   = {Foundations and Trends in Machine Learning},

@article{Bayesian:Ormerod2010,
author    = {Ormerod, J.~T. and Wand, M.~P.},
title     = {Explaining Variational Approximations},
journal   = TheAmericanStatistician,
year      = {2010},
volume    = {64},
number    = {2},
pages     = {140--153},
doi       = {10.1198/tast.2010.09058},
}
% journal   = {The American Statistician},

@article{Bayesian:Grimmer2011,
author    = {Grimmer, J.},
title     = {An Introduction to {B}ayesian Inference via Variational Approximations},
journal   = PoliticalAnalysis,
year      = {2011},
volume    = {19},
number    = {1},
pages     = {32--47},
doi       = {10.1093/pan/mpq027},
}
% journal   = {Political Analysis},
% url       = {http://pan.oxfordjournals.org/content/19/1/32.abstract},
% eprint    = {http://pan.oxfordjournals.org/content/19/1/32.full.pdf+html},

@article{Bayesian:Fox2012,
author    = {Fox, C.~W. and Roberts, S.~J.},
title     = {A tutorial on variational {B}ayesian inference},
journal   = ArtificialIntelligenceReview,
year      = {2012},
volume    = {38},
number    = {2},
pages     = {85--95},
issn      = {0269-2821},
doi       = {10.1007/s10462-011-9236-8},
publisher = {Springer Netherlands},
}
% journal   = {Artificial Intelligence Review},

@article{Bayesian:Wang2013,
author    = {Wang, C. and Blei, D.~M.},
title     = {Variational Inference in Nonconjugate Models},
journal   = JournalofMachineLearningResearch,
year      = {2013},
volume    = {14},
pages     = {1005--1031},
}
% journal   = {Journal of Machine Learning Research (JMLR)},
% url       = {http://www.jmlr.org/papers/v14/wang13b.html},

@article{Bayesian:Hoffman2013,
author    = {Hoffman, M.~D. and Blei, D.~M. and Wang, C. and Paisley, J.},
title     = {Stochastic Variational Inference},
journal   = JournalofMachineLearningResearch,
year      = {2013},
volume    = {14},
pages     = {1303--1347},
}
% journal   = {Journal of Machine Learning Research (JMLR)},
% url       = {http://jmlr.org/papers/v14/hoffman13a.html}

@inproceedings{Bayesian:Gershman2012,
author    = {Gershman, S. and Hoffman, M. and Blei, D.},
title     = {Nonparametric variational inference},
booktitle = {Proceedings of the 29th International Conference on Machine Learning (ICML-12)},
series    = {ICML '12},
year      = {2012},
editor    = {Langford, J. and Pineau, J.},
location  = {Edinburgh, Scotland, UK},
publisher = {Omnipress},
address   = {New York},
pages     = {663--670},
}

@article{Bayesian:Sun2013,
author    = {Sun, S.},
title     = {A review of deterministic approximate inference techniques for {B}ayesian machine learning},
journal   = NeuralComputingandApplications,
year      = {2013},
volume    = {23},
number    = {7--8},
pages     = {2039--2050},
issn      = {0941-0643},
doi       = {10.1007/s00521-013-1445-4},
publisher = {Springer London},
}
% journal   = {Neural Computing and Applications},

@article{Bayesian:Salimans2015,
author    = {Salimans, T. and Kingma, D. and Welling, M.},
title     = {{M}arkov Chain {M}onte {C}arlo and Variational Inference: {B}ridging the Gap},
journal   = {JMLR Workshop and Conference Proceedings: 32nd International Conference on Machine Learning (ICML 2015)},
year      = {2015},
volume    = {37},
pages     = {1218--1226},
issn      = {1938-7228},
}
% url       = {http://jmlr.org/proceedings/papers/v37/salimans15.html},

@incollection{Bayesian:Tran2015,
author    = {Tran, D. and Blei, D. and Airoldi, E.~M.},
title     = {Copula variational inference},
booktitle = {Advances in Neural Information Processing Systems 28 (NIPS 2015)},
editor    = {Cortes, C. and Lawrence, N.~D. and Lee, D.~D. and Sugiyama, M. and Garnett, R.},
pages     = {3564--3572},
year      = {2015},
publisher = {Curran Associates, Inc.},
}
% url       = {http://papers.nips.cc/paper/5669-copula-variational-inference.html},
% eprint    = {http://papers.nips.cc/paper/5669-copula-variational-inference.pdf},

@article{Bayesian:Han2016,
author    = {Han, S. and Liao, X. and Dunson, D.~B. and Carin, L.},
title     = {Variational {G}aussian Copula Inference},
journal   = {JMLR Workshop and Conference Proceedings: 19th International Conference on Artificial Intelligence and Statistics (AISTATS 2016)},
year      = {2016},
volume    = {51},
pages     = {829--838},
issn      = {1938-7228},
}
% url       = {http://jmlr.csail.mit.edu/proceedings/papers/v51/han16.html},
% eprint    = {http://jmlr.csail.mit.edu/proceedings/papers/v51/han16.pdf},

@misc{Bayesian:Blei2016:Misc,
author    = {Blei, D.~M. and Kucukelbir, A. and McAuliffe, J.~D.},
title     = {Variational Inference: A Review for Statisticians},
year      = {2016},
note      = {arXiv:1601.00670},
}

@misc{Bayesian:Blei2016:arXiv,
author      = {Blei, D.~M. and Kucukelbir, A. and McAuliffe, J.~D.},
title       = {Variational Inference: A Review for Statisticians},
year        = {2016},
eprinttype  = {arxiv},
eprintclass = {stat.CO},
eprint      = {1601.00670},
}

% GAUSSIAN MIXTURES

@article{Bayesian:Zobay2014,
author    = {Zobay, O.},
title     = {Variational {B}ayesian inference with {G}aussian-mixture approximations},
journal   = ElectronicJournalofStatistics,
year      = {2014},
volume    = {8},
number    = {1},
pages     = {355--389},
doi       = {10.1214/14-EJS887},
publisher = {The Institute of Mathematical Statistics and the Bernoulli Society},
}
% journal   = {Electronic Journal of Statistics},

% MEAN FIELD APPROXIMATION

@book{Bayesian:Opper2001,
editor    = {Opper, M. and Saad, D.},
title     = {Advanced Mean Field Methods: Theory and Practice},
publisher = {The MIT Press},
address   = {Cambridge, Massachusetts, USA},
year      = {2001},
series    = {Neural Information Processing Series},
}

@article{Bayesian:Vrettas2011,
author    = {Vrettas, M.~D. and Cornford, D. and Opper, M.},
title     = {Estimating parameters in stochastic systems: {A} variational {B}ayesian approach},
journal   = PhysicaDNonlinearPhenomena,
year      = {2011},
volume    = {240},
number    = {23},
pages     = {1877--1900},
issn      = {0167-2789},
doi       = {10.1016/j.physd.2011.08.013},
}
% journal   = {Physica D: Nonlinear Phenomena},
% url       = {http://www.sciencedirect.com/science/article/pii/S0167278911002417},

@article{Bayesian:Vrettas2015,
author    = {Vrettas, M.~D. and Opper, M. and Cornford, D.},
title     = {Variational mean-field algorithm for efficient inference in large systems of stochastic differential equations},
journal   = PhysicalReviewE,
year      = {2015},
volume    = {91},
issue     = {1},
pages     = {1--15},
eid       = {012148},
doi       = {10.1103/PhysRevE.91.012148},
publisher = {American Physical Society},
}
% journal   = {Physical Review E},
% url       = {http://link.aps.org/doi/10.1103/PhysRevE.91.012148},

@article{Bayesian:Titterington2004,
author    = {Titterington, D.~M.},
title     = {{B}ayesian Methods for Neural Networks and Related Models},
journal   = StatisticalScience,
year      = {2004},
volume    = {19},
number    = {1},
pages     = {128--139},
doi       = {10.1214/088342304000000099},
publisher = {The Institute of Mathematical Statistics},
}
% journal   = {Statistical Science},

@article{Bayesian:Wang2006,
author    = {Wang, B. and Titterington, D.~M.},
title     = {Convergence properties of a general algorithm for calculating variational {B}ayesian estimates for a normal mixture model},
journal   = BayesianAnalysis,
year      = {2006},
volume    = {1},
number    = {3},
pages     = {625--650},
doi       = {10.1214/06-BA121},
publisher = {International Society for Bayesian Analysis},
}
% journal   = {Bayesian Analysis},

% INVERSE PROBLEMS

@article{Bayesian:Chappell2009,
author    = {Chappell, M.~A. and Groves, A.~R. and Whitcher, B. and Woolrich, M.~W.},
title     = {Variational {B}ayesian Inference for a Nonlinear Forward Model},
journal   = IEEETransactionsonSignalProcessing,
year      = {2009},
volume    = {57},
number    = {1},
pages     = {223--236},
issn      = {1053-587X},
doi       = {10.1109/TSP.2008.2005752},
}
% journal   = {IEEE Transactions on Signal Processing},

@article{Bayesian:Jin2010,
author    = {Jin, B. and Zou, J.},
title     = {Hierarchical {B}ayesian inference for Ill-posed problems via variational method},
journal   = JournalofComputationalPhysics,
year      = {2010},
volume    = {229},
number    = {19},
pages     = {7317--7343},
issn      = {0021-9991},
doi       = {10.1016/j.jcp.2010.06.016},
}
% journal   = {Journal of Computational Physics},
% url       = {http://www.sciencedirect.com/science/article/pii/S0021999110003311},

@article{Bayesian:Jin2012,
author    = {Jin, B.},
title     = {A variational {B}ayesian method to inverse problems with impulsive noise},
journal   = JournalofComputationalPhysics,
year      = {2012},
volume    = {231},
number    = {2},
pages     = {423--435},
issn      = {0021-9991},
doi       = {10.1016/j.jcp.2011.09.009},
}
% journal   = {Journal of Computational Physics},
% url       = {http://www.sciencedirect.com/science/article/pii/S0021999111005298},

@article{Bayesian:MohammadDjafari2012,
author    = {Mohammad-Djafari, A.},
title     = {Variational {B}ayesian Approximation methods for inverse problems},
journal   = JournalofPhysicsConferenceSeries,
year      = {2012},
volume    = {386},
number    = {1},
pages     = {1--4},
eid       = {012006},
doi       = {10.1088/1742-6596/386/1/012006},
}
% journal   = {Journal of Physics: Conference Series},
% url       = {http://stacks.iop.org/1742-6596/386/i=1/a=012006},

@incollection{Bayesian:MohammadDjafari2013,
author    = {Mohammad-Djafari, A.},
title     = {Variational {B}ayesian Approximation for Linear Inverse Problems with a Hierarchical Prior Models},
year      = {2013},
booktitle = {Geometric Science of Information},
editor    = {Nielsen, F. and Barbaresco, F.},
series    = {Lecture Notes in Computer Science},
volume    = {8085},
pages     = {669--676},
doi       = {10.1007/978-3-642-40020-9_74},
publisher = {Springer-Verlag Berlin Heidelberg},
}

@article{Bayesian:Fraysse2014,
author    = {Fraysse, A. and Rodet, T.},
title     = {A Measure-Theoretic Variational {B}ayesian Algorithm for Large Dimensional Problems},
journal   = SIAMJournalonImagingSciences,
year      = {2014},
volume    = {7},
number    = {4},
pages     = {2591--2622},
doi       = {10.1137/140966575},
}
% journal   = {SIAM Journal on Imaging Sciences},

@article{Bayesian:Guha2015,
author    = {Guha, N. and Wu, X. and Efendiev, Y. and Jin, B. and Mallick, B.~K.},
title     = {A variational {B}ayesian approach for inverse problems with skew-t error distributions},
journal   = JournalofComputationalPhysics,
year      = {2015},
volume    = {301},
pages     = {377--393},
issn      = {0021-9991},
doi       = {10.1016/j.jcp.2015.07.062},
}
% journal   = {Journal of Computational Physics},
% url       = {http://www.sciencedirect.com/science/article/pii/S002199911500515X},

@article{Bayesian:Tsilifis2016,
author    = {Tsilifis, P. and Bilionis, I. and Katsounaros, I. and Zabaras, N.},
title     = {Computationally Efficient Variational Approximations for {B}ayesian Inverse Problems},
journal   = JournalofVerificationValidationandUncertaintyQuantification,
year      = {2016},
volume    = {1},
number    = {3},
pages     = {1--13},
eid       = {031004},
doi       = {10.1115/1.4034102},
}
% journal   = {Journal of Verification, Validation and Uncertainty Quantification},

@article{Bayesian:Franck2016,
author    = {Franck, I.~M. and Koutsourelakis, P.~S.},
title     = {Sparse Variational {B}ayesian approximations for nonlinear inverse problems: {A}pplications in nonlinear elastography},
journal   = ComputerMethodsinAppliedMechanicsandEngineering,
year      = {2016},
volume    = {299},
pages     = {215--244},
issn      = {0045-7825},
doi       = {10.1016/j.cma.2015.10.015},
}
% journal   = {Computer Methods in Applied Mechanics and Engineering},
% url       = {http://www.sciencedirect.com/science/article/pii/S0045782515003345},

@article{Bayesian:Franck2017,
author    = {Franck, I.~M. and Koutsourelakis, P.~S.},
title     = {Multimodal, high-dimensional, model-based, {B}ayesian inverse problems with applications in biomechanics},
journal   = JournalofComputationalPhysics,
year      = {2017},
volume    = {329},
pages     = {91--125},
issn      = {0021-9991},
doi       = {10.1016/j.jcp.2016.10.039},
}
% journal   = {Journal of Computational Physics},
% url       = {http://www.sciencedirect.com/science/article/pii/S002199911630537X},

% EXPECTATION PROPAGATION

@incollection{Bayesian:Minka2001,
author    = {Minka, T.~P.},
title     = {Expectation Propagation for Approximate {B}ayesian Inference},
booktitle = {17th Conference on Uncertainty in Artificial Intelligence (UAI 2001)},
editor    = {Breese, J. and Koller, D.},
year      = {2001},
pages     = {362--369},
publisher = {Morgan Kaufmann Publishers},
address   = {San Francisco, California, USA},
}
% publisher = {Morgan Kaufmann Publishers Inc.},

@article{Bayesian:Gehre2014,
author    = {Gehre, M. and Jin, B.},
title     = {Expectation propagation for nonlinear inverse problems -- with an application to electrical impedance tomography},
journal   = JournalofComputationalPhysics,
year      = {2014},
volume    = {259},
pages     = {513--535},
issn      = {0021-9991},
doi       = {10.1016/j.jcp.2013.12.010},
}
% journal   = {Journal of Computational Physics},
% url       = {http://www.sciencedirect.com/science/article/pii/S0021999113008097},


%%%%%%%%%%%%%%%%%%%%%%%%%%
% PROBABILISTIC NUMERICS %
%%%%%%%%%%%%%%%%%%%%%%%%%%

% ORIGINS

@incollection{Bayesian:Diaconis1988,
title     = {{B}ayesian numerical analysis},
author    = {Diaconis, P.},
booktitle = {Statistical decision theory and related topics IV: Volume 1},
editor    = {Gupta, S.~S. and Berger, J.~O.},
year      = {1988},
pages     = {163--175},
publisher = {Springer-Verlag},
address   = {New York},
}

@incollection{BayesianOHagan1992,
title     = {Some {B}ayesian numerical analysis},
author    = {O'Hagan, A.},
booktitle = {Bayesian Statistics 4: Proceedings of the Fourth Valencia International Meeting},
editor    = {Bernardo, J.~M. and Berger, J.~O. and Dawid, A.~P. and Smith, A.~F.~M.},
year      = {1992},
pages     = {345--363},
publisher = {Oxford University Press},
address   = {Oxford, UK},
}

% REVIEW

@article{Bayesian:Hennig2015:b,
author    = {Hennig, P. and Osborne, M.~A. and Girolami, M.},
title     = {Probabilistic numerics and uncertainty in computations},
journal   = ProceedingsoftheRoyalSocietyofLondonA,
year      = {2015},
volume    = {471},
number    = {2179},
pages     = {1--17},
eid       = {20150142},
issn      = {1364-5021},
doi       = {10.1098/rspa.2015.0142},
publisher = {The Royal Society},
}
% journal   = {Proceedings of the Royal Society of London A: Mathematical, Physical and Engineering Sciences},

% BAYESIAN QUADRATURE

@article{Bayesian:OHagan1991,
author    = {O'Hagan, A.},
title     = {{B}ayes--{H}ermite quadrature},
journal   = JournalofStatisticalPlanningandInference,
year      = {1991},
volume    = {29},
number    = {3},
pages     = {245--260},
issn      = {0378-3758},
doi       = {10.1016/0378-3758(91)90002-V},
}
% journal   = {Journal of Statistical Planning and Inference},
% url       = {http://www.sciencedirect.com/science/article/pii/037837589190002V},

@article{Bayesian:Kennedy1998,
author    = {Kennedy, M.},
title     = {{B}ayesian quadrature with non-normal approximating functions},
journal   = StatisticsandComputing,
year      = {1998},
volume    = {8},
number    = {4},
pages     = {365--375},
issn      = {0960-3174},
doi       = {10.1023/A:1008832824006},
publisher = {Kluwer Academic Publishers},
}
% journal   = {Statistics and Computing},

@incollection{Bayesian:Osborne2012,
author    = {Osborne, M.~A. and Duvenaud, D. and Garnett, R. and Rasmussen, C.~E. and Roberts, S.~J. and Ghahramani, Z.},
title     = {Active Learning of Model Evidence Using {B}ayesian Quadrature},
booktitle = {Advances in Neural Information Processing Systems 25 (NIPS 2012)},
editor    = {Pereira, F. and Burges, C.~J.~C. and Bottou, L. and Weinberger, K.~Q.},
pages     = {46--54},
year      = {2012},
publisher = {Curran Associates, Inc.},
}
% url       = {http://papers.nips.cc/paper/4657-active-learning-of-model-evidence-using-bayesian-quadrature.html},
% eprint    = {http://papers.nips.cc/paper/4657-active-learning-of-model-evidence-using-bayesian-quadrature.pdf},

@incollection{Bayesian:Briol2015,
title     = {{F}rank-{W}olfe {B}ayesian Quadrature: {P}robabilistic Integration with Theoretical Guarantees},
author    = {Briol, F.-X. and Oates, C. and Girolami, M. and Osborne, M.~A},
booktitle = {Advances in Neural Information Processing Systems 28 (NIPS 2015)},
editor    = {Cortes, C. and Lawrence, N.~D. and Lee, D.~D. and Sugiyama, M. and Garnett, R.},
pages     = {1162--1170},
year      = {2015},
publisher = {Curran Associates, Inc.},
}
% url       = {http://papers.nips.cc/paper/5749-frank-wolfe-bayesian-quadrature-probabilistic-integration-with-theoretical-guarantees.html},
% eprint    = {http://papers.nips.cc/paper/5749-frank-wolfe-bayesian-quadrature-probabilistic-integration-with-theoretical-guarantees.pdf},

% LINEAR ALGEBRA

@article{Bayesian:Hennig2015:a,
author    = {Hennig, P.},
title     = {Probabilistic Interpretation of Linear Solvers},
journal   = SIAMJournalonOptimization,
year      = {2015},
volume    = {25},
number    = {1},
pages     = {234--260},
doi       = {10.1137/140955501},
}
% journal   = {SIAM Journal on Optimization},

% DIFFERENTIAL EQUATIONS

@article{Bayesian:Chkrebtii2016,
author    = {Chkrebtii, O.~A. and Campbell, D.~A. and Calderhead, B. and Girolami, M.~A.},
title     = {{B}ayesian Solution Uncertainty Quantification for Differential Equations},
journal   = BayesianAnalysis,
year      = {2016},
volume    = {11},
number    = {4},
pages     = {1239--1267},
doi       = {10.1214/16-BA1017},
publisher = {International Society for Bayesian Analysis},
}
% journal   = {Bayesian Analysis},

@article{Bayesian:Conrad2017,
author    = {Conrad, P.~R. and Girolami, M. and S\"{a}rkk\"{a}, S. and Stuart, A. and Zygalakis, K.},
title     = {Statistical analysis of differential equations: introducing probability measures on numerical solutions},
journal   = StatisticsandComputing,
year      = {2017},
volume    = {27},
number    = {4},
pages     = {1065--1082},
issn      = {1573-1375},
doi       = {10.1007/s11222-016-9671-0},
}
% journal   = {Statistics and Computing},


%%%%%%%%
% MISC %
%%%%%%%%

@article{Misc:Gelman2014,
author    = {Gelman, A.},
title     = {How {B}ayesian Analysis Cracked the Red-State, Blue-State Problem},
journal   = StatisticalScience,
year      = {2014},
volume    = {29},
number    = {1},
pages     = {26--35},
doi       = {10.1214/13-STS458},
publisher = {The Institute of Mathematical Statistics},
}
% journal   = {Statistical Science},

@article{Misc:Stone2014,
author    = {Stone, L.~D. and Keller, C.~M. and Kratzke, T.~M. and Strumpfer, J.~P.},
title     = {Search for the Wreckage of {A}ir {F}rance Flight {AF} 447},
journal   = StatisticalScience,
year      = {2014},
volume    = {29},
number    = {1},
pages     = {69--80},
doi       = {10.1214/13-STS420},
publisher = {The Institute of Mathematical Statistics},
}
% journal   = {Statistical Science},

