

%%%%%%%%%%%%%%%
% ENTRY TYPES %
%%%%%%%%%%%%%%%

@article{,
author    = {},
title     = {},
journal   = {},
year      = {},
volume    = {},
number    = {},
pages     = {},
doi       = {},
}

@book{,
author    = {},
title     = {},
publisher = {},
address   = {},
year      = {},
edition   = {},
series    = {},
number    = {},
doi       = {},
}

@incollection{,
author    = {},
title     = {},
booktitle = {},
editor    = {},
year      = {},
pages     = {},
publisher = {},
address   = {},
}

@inbook{,
author    = {},
title     = {},
editor    = {},
year      = {},
chapter   = {},
pages     = {},
publisher = {},
address   = {},
}

@inproceedings{,
author    = {},
title     = {},
booktitle = {},
year      = {},
}

@phdthesis{,
author    = {},
title     = {},
school    = {},
address   = {},
year      = {},
type      = {{PhD} thesis},
}

@techreport{,
author    = {},
title     = {},
institution = {},
address   = {},
year      = {},
number    = {},
}

