

%%%%%%%%%
% BOOKS %
%%%%%%%%%

@book{Misc:Curd2014,
editor    = {Curd, M. and Psillos, S.},
title     = {The Routledge Companion to Philosophy of Science},
publisher = {Routledge},
address   = {Abingdon, UK},
year      = {2014},
edition   = {2},
series    = {Routledge Philosophy Companions},
}


%%%%%%%%%%%%
% ARTICLES %
%%%%%%%%%%%%

@article{Misc:Barberousse2008,
author    = {Barberousse, A. and Franceschelli, S. and Imbert, C.},
title     = {Computer simulations as experiments},
journal   = Synthese,
year      = {2008},
volume    = {169},
number    = {3},
pages     = {557--574},
issn      = {1573-0964},
doi       = {10.1007/s11229-008-9430-7},
}
% journal   = {Synthese},

@article{Misc:Beisbart2012,
author    = {Beisbart, C.},
title     = {How can computer simulations produce new knowledge?},
journal   = EuropeanJournalforPhilosophyofScience,
year      = {2012},
volume    = {2},
number    = {3},
pages     = {395--434},
issn      = {1879-4920},
doi       = {10.1007/s13194-012-0049-7},
}
% journal   = {European Journal for Philosophy of Science},

@article{Misc:Beisbart2012,
author    = {Beisbart, C. and Norton, J.~D.},
title     = {Why {M}onte {C}arlo Simulations Are Inferences and Not Experiments},
journal   = InternationalStudiesinthePhilosophyofScience,
year      = {2012},
volume    = {26},
number    = {4},
pages     = {403--422},
doi       = {10.1080/02698595.2012.748497},
}
% journal   = {International Studies in the Philosophy of Science},

@article{Misc:Frigg2008,
author    = {Frigg, R. and Reiss, J.},
title     = {The philosophy of simulation: hot new issues or same old stew?},
journal   = Synthese,
year      = {2008},
volume    = {169},
number    = {3},
pages     = {593--613},
issn      = {1573-0964},
doi       = {10.1007/s11229-008-9438-z},
}
% journal   = {Synthese},

